1871 3227
392 188 420 229 21

50 321 87 350 rus
97 306 118 362 (1.
136 320 153 349 o.
170 321 191 363 p.
202 304 354 364 94J95)‚¹)viri
368 307 494 362 doctissimi,
503 310 594 349 aetatem
610 307 691 349 formae
707 319 767 348 aero-

50 393 152 437 stiohioae
168 395 263 435 veterem
280 392 428 435 defenderunt.
451 393 494 435 'nt
510 397 567 436 oerte
584 393 672 448 quidem
688 405 766 435 causae

50 493 125 522 eorum
148 479 288 534 gravissimae
312 481 370 522 sunt.
408 478 446 521 Eis
470 480 577 521 contraria
597 481 629 520 est
645 478 716 533 opinio
733 476 766 519 De

50 565 122 608 Wette
138 564 193 620 (Pss.
208 579 229 620 p.
247 565 289 619 58),
304 562 364 607 illius
379 566 421 606 uiri
438 565 561 619 doctissimi,
582 565 619 619 qui
634 563 765 605 Hoffmanno

49 652 167 693 assentitur
182 652 205 692 in
221 650 393 705 Enoyolopaedia
408 650 500 692 Halensi
515 649 552 705 (H,
569 651 587 704 37
605 648 656 706 356)
675 649 766 702 docenti,

49 737 95 792 „die
119 736 278 791 alphabetisohe
295 735 401 791 Ordnung
425 736 462 778 der
481 736 549 778 Verso
574 736 631 778 stelit
654 735 699 776 sich
723 737 765 776 erst

49 823 90 876 einp
112 834 177 863 wenni
201 823 239 864 der
255 821 337 864 Genius
361 822 445 884 wahren
468 820 600 864 Diohtkunst
623 821 701 862 bereits
720 822 765 862 ent-

48 907 132 949 uinhen
148 908 195 950 istf‘
226 906 281 949 Eam
290 908 413 962 opinionem
426 907 660 962 sequnntnrReussius
670 905 765 962 (Herzog

48 991 103 1044 nm,
121 1006 136 1035 s.
152 1006 173 1037 v.
189 994 316 1035 hebraismo
324 993 401 1036 Poesie
417 993 443 1048 V,
458 1008 479 1049 p.
490 992 541 1051 606)
557 996 578 1035 et
591 991 701 1034 tonantius
718 993 765 1048 (po-

48 1079 129 1120 etisehe
162 1077 271 1133 Bucuerss,
294 1079 311 1134 Ι,
336 1094 356 1135 p.
381 1079 442 1135 201).
484 1079 529 1122 Nos
550 1092 600 1121 oum
623 1078 718 1120 Kaikaro
735 1080 764 1134 (Ι.

49 1161 125 1221 52)53)
149 1168 170 1207 et
192 1165 272 1207 Thenio
295 1164 323 1220 (p.
347 1165 398 1221 124)
420 1169 495 1207 eontra
517 1164 712 1221 Naegelsbaohium
736 1166 763 1220 (p.

48 1250 110 1303 VIII)
139 1253 159 1292 et
186 1251 322 1293 Gerlaohiuin
345 1253 371 1306 (p.
392 1249 439 1309 6)7)
465 1251 555 1294 eandem
582 1249 706 1306 opinionem
733 1263 765 1293 se-

49 1337 148 1390 quimur;
176 1337 234 1391 quod
250 1337 277 1378 ad
293 1337 466 1379 confirmandum
482 1338 659 1379 lamentationem
675 1336 765 1378 Doridis

47 1423 70 1462 in
86 1421 193 1464 Ionathan
208 1423 286 1464 factam
302 1424 447 1467 nominamus.
481 1423 514 1465 Ea
529 1424 653 1465 lamentatio
670 1425 703 1464 est
719 1435 764 1464 car-

47 1521 96 1550 men
113 1509 159 1550 sine
176 1508 242 1550 dubio
259 1510 437 1563 vetustissimum,
456 1523 548 1565 magnae
566 1510 710 1565 praestantiae
726 1521 762 1564 po-

47 1594 119 1647 eticae,
131 1594 169 1636 sed
183 1596 229 1636 sine
240 1594 309 1636 forma
325 1595 472 1637 acrostichioa.
501 1596 614 1638 Praeterea
629 1594 762 1635 mentionem

46 1679 151 1721 faciamus
163 1680 332 1722 aorostiohornm
343 1680 576 1737 artificiosissimorum
592 1680 653 1722 velut
668 1693 699 1734 ps.
719 1679 761 1720 119

46 1768 67 1806 et
77 1765 140 1807 Prov.
155 1766 218 1821 soro
233 1779 261 1808 ss.
292 1766 333 1808 Ina
350 1769 401 1808 sunt
417 1767 513 1808 earmina
529 1780 557 1808 er
568 1767 666 1808 omnium
679 1765 760 1806 iudicio

45 1853 170 1906 recentiora,
186 1853 258 1894 sedin
274 1852 343 1894 forma
358 1853 497 1894 acrostichioa
513 1854 598 1908 scripta.

118 1937 140 1980 Si
149 1937 233 1980 Keilius
243 1937 471 1995 arbitratur[Ein1.IH,
477 1937 534 1994 514),
541 1939 588 1993 „die
596 1936 762 1979 akrostiohisehe

46 2021 108 2065 Form
126 2022 166 2065 soil
182 2022 310 2065 vermittelst
326 2025 364 2066 der
374 2023 546 2079 Durehttihrung
560 2023 628 2065 durch
644 2023 682 2064 das
693 2035 761 2077 ganne

45 2111 154 2166 Alphabet
170 2111 207 2152 das
224 2109 313 2162 Symbol
330 2110 366 2151 der
379 2109 569 2165 Voilstaindigkeit,
585 2110 627 2151 den
644 2108 761 2150 onaranter

45 2196 83 2238 der
98 2196 409 2251 voilsttndigenBehandiung
425 2196 512 2252 gebenf‘
527 2195 621 2238 Thenius
637 2195 697 2236 illam
713 2207 761 2236 sen-

44 2284 133 2325 tentiam
149 2282 264 2324 obscuram
281 2294 327 2323 esse
342 2285 399 2323 reete
416 2282 514 2324 declarat.

116 2372 237 2415 Lowthinm
245 2371 307 2412 ilium
317 2371 465 2414 doctissimum
474 2369 760 2424 arcesseretestemmttier-

115 2504 133 2550 1)
146 2504 200 2548 „Man
212 2502 256 2539 sohe
268 2502 353 2538 zuntiehst
372 2503 404 2538 ant
415 2503 444 2539 die
456 2503 570 2549 Klageliedor
591 2503 622 2538 des
634 2502 727 2546 Jeremias,
740 2501 759 2537 in

43 2576 122 2613 uetoiren
134 2577 166 2614 uir
179 2577 218 2613 eine
231 2587 250 2612 so
264 2576 387 2622 ausgebildete
399 2578 437 2613 und
449 2578 563 2614 kunstreiohe
572 2578 625 2613 Form
634 2577 666 2613 der
674 2576 759 2622 alphabe-

43 2648 203 2687 tisohenStrnotnr
215 2650 311 2696 vorfmden,
324 2651 365 2686 dass
378 2651 404 2686 sie
416 2651 501 2688 niemand
514 2653 540 2688 als
549 2652 601 2688 einen
609 2653 670 2687 ersten
678 2650 760 2686 Versuoh

43 2722 74 2757 der
86 2725 120 2760 Art
132 2725 237 2762 hetraohten
249 2724 315 2760 kann.“
