1871 3227
396 202 407 241 5

113 318 139 360 In
158 318 223 361 LXX
248 319 346 361 versione
370 319 442 360 threni
464 321 586 374 sequuntur
603 317 683 360 tibrum
701 318 759 361 Iere-

41 406 97 448 miae
112 404 237 461 prophetae3
259 385 314 447 item
327 395 351 445 in
367 404 504 446 versionibus
520 404 573 447 Itaia
589 406 610 445 et
626 402 727 458 Vulgata.

115 489 175 539 Quae
191 490 249 545 apud
265 490 381 545 iosephum
397 502 441 530 non
455 471 521 531 xahter
538 503 561 531 se
579 490 681 531 habuisse
697 488 760 531 nobis

42 575 194 618 coniciendum
216 577 254 616 est.
295 573 352 617 Nam
374 588 425 617 cum
446 575 517 617 threni
536 577 592 618 inter
611 589 635 618 ea
657 577 759 630 quattuor

15 694 17 697 .
41 673 115 716 opera,
135 674 191 716 quae
212 662 309 703 eontinet
327 674 376 715 pars
393 662 455 703 tertia
469 661 575 703 herorum
591 657 687 711 δικαίως
703 662 759 703 θεῖα

40 747 213 800 nominatorum,
234 748 321 801 propter
341 749 493 801 argumentum
516 758 580 787 suum
599 747 694 788 inveniri
713 759 758 788 non

39 833 131 887 possint,
148 828 172 873 ui
196 830 220 873 δὲ
240 826 436 888 νέσοαρεςδιινοος
459 827 491 882 εἷς
513 827 550 874 adv
572 827 625 874 δεδν
649 830 687 875 καὶ
710 834 757 884 τοῖς

38 913 171 974 ἀνθρώποις
185 912 305 975 δποδήκας
317 916 355 959 voh
369 914 419 972 βίον
434 914 574 973 περιίχοιοιν
585 915 715 972 (ohptoni,
726 917 755 976 8),

40 1003 184 1047 dubitandum
206 1015 249 1044 non
272 1006 311 1057 est,
335 1004 387 1058 quin
407 1002 514 1058 Iosephus
534 1002 614 1045 librum
630 1004 756 1045 threnorum

39 1092 60 1131 et
76 1089 157 1130 tibrum
173 1089 324 1130 vaticiniorum
340 1087 444 1130 Ieremiae
462 1089 570 1131 inunum
587 1089 690 1130 volumen
706 1099 756 1128 eon-

37 1175 125 1216 iunetos
141 1173 245 1215 habuerit.

109 1261 186 1316 Neque
202 1261 264 1302 aliter
280 1261 442 1302 diiudicandum
460 1265 492 1304 est
508 1261 534 1304 de
550 1274 633 1304 esnone
647 1260 755 1302 Mehtonis

37 1348 132 1398 Sardioi,
155 1360 219 1402 quem
239 1342 340 1389 ἆνελδιδν
358 1342 390 1396 εἷς
408 1342 447 1403 τὴν
467 1341 574 1403 ἀνατολὴν
597 1343 635 1388 καὶ
659 1343 700 1396 ἕως
718 1346 756 1388 τοῦ

37 1430 108 1476 τόπον
137 1429 249 1489 γενόμενος
276 1431 332 1474 ἔνθα
360 1428 468 1489 ἐκηρύχθη
496 1429 535 1473 καὶ
563 1428 667 1490 ἐπράχθη
693 1431 754 1487 (nus.

37 1519 58 1561 h.
76 1531 93 1560 e.
109 1518 148 1560 iv.
165 1518 200 1573 26,
217 1518 254 1569 14)
272 1518 373 1573 cognovi-t
388 1521 408 1558 et
423 1518 540 1559 memoriae
555 1517 649 1559 tradidit.
676 1516 756 1558 Threni

37 1617 65 1646 ne
81 1604 121 1646 hoo
133 1604 221 1660 quidem
234 1604 281 1645 toeo
292 1604 421 1645 nominatim
433 1605 594 1657 enumerantur,
611 1606 683 1644 temen
698 1604 755 1645 inter

37 1704 112 1733 omnes
132 1692 216 1732 constat
235 1702 271 1731 eos
290 1701 340 1730 oum
358 1687 414 1729 hhro
432 1687 536 1731 Ieremiae
556 1689 683 1731 coniunctos
699 1702 752 1733 esse.

110 1777 136 1818 In
154 1789 236 1818 eanone
253 1776 279 1817 ab
288 1774 377 1831 Origine
389 1774 505 1817 memoriae
514 1775 598 1830 tradito,
611 1772 642 1830 ὡς
653 1772 753 1834 Ἑβραῖοι

36 1857 209 1918 παραδιδόασιν,
224 1862 280 1904 liber
295 1869 369 1904 noster
383 1862 478 1917 primum
499 1863 627 1903 nominatim
643 1875 687 1904 une
704 1875 753 1904 eum

36 1947 143 1989 vaticiniis
152 1946 166 1988 J
167 1949 281 1990 eremianis
290 1951 435 2001 enumeratur,
443 1947 503 1999 Eus„
512 1947 561 1989 hist.
570 1947 628 2000 ecch,
637 1947 675 2002 VI,
684 1949 718 1999 25,
730 1948 753 1989 2:

34 2027 137 2090 Ἱερεμίας
153 2028 191 2076 σὺν
208 2029 301 2091 Θρήνοις
316 2031 355 2075 καὶ
368 2034 395 2091 τῇ
410 2031 518 2091 ἐπιστολῇ
532 2032 555 2076 ἐν
570 2030 608 2085 ἑνὶ,
623 2028 721 2091 Ἱερεμία.

106 2119 203 2175 Dignum
221 2132 267 2161 esse
283 2119 346 2161 nobis
362 2120 455 2174 videtur,
474 2120 531 2175 quod
555 2119 596 2161 hoo
614 2120 661 2161 ioco
677 2120 753 2162 affera-

34 2219 84 2247 mus
99 2206 195 2261 primum
211 2206 396 2248 enumerationem
412 2206 567 2261 seripturarum
579 2205 665 2248 Veteris
680 2205 752 2248 Testa-

34 2292 102 2333 menti
118 2303 228 2333 saetarum
243 2290 269 2333 ab
283 2289 403 2347 Epiphanio
420 2292 519 2348 episeopo
536 2292 629 2343 ahatam,
648 2305 702 2348 quae
718 2293 752 2334 in-

34 2377 105 2419 veniri
120 2377 189 2430 potest
204 2376 228 2417 in
245 2376 291 2418 eius
308 2377 334 2419 de
354 2379 462 2420 mensuris
486 2382 507 2421 et
529 2378 662 2434 ponderibus
685 2377 751 2432 tihr03

34 2463 57 2504 in
74 2464 171 2504 extrema
188 2463 263 2517 eapitis
280 2463 308 2504 23
323 2468 384 2518 parte
399 2465 452 2507 haee
468 2463 534 2506 verba
550 2465 621 2507 affert:
647 2456 712 2508 οὗτοι
729 2463 753 2508 δὲ

34 2545 57 2591 ui
74 2544 144 2591 εἴκοσι
161 2543 219 2590 ἐπιδ
234 2544 310 2604 βίβλοι
326 2545 398 2593 εἴκοσι
417 2547 455 2594 δίο
471 2545 621 2608 οίριδμοῖνεαι
641 2547 698 2595 καεοὶ
715 2547 753 2594 τὸν

34 2630 192 2690 ἀριθμὸντῶν
214 2632 336 2688 στοιχείων,
356 2633 478 2695 ἐπειδήπερ
501 2635 539 2680 καί
562 2639 629 2680 πέντε
653 2637 752 2690 στοιχεῖα

35 2719 173 2774 oratorvm,
190 2717 269 2773 καθὼς
285 2716 330 2764 ἅνω
346 2719 489 2781 προείπομεν.
521 2722 569 2767 ἔστι
593 2721 674 2767 δὲκαὶ
698 2718 752 2781 ἄλλη
