1871 3227
507 156 535 196 22

162 275 248 316 lachius
264 274 292 330 (p.
310 276 330 329 F)
347 276 403 330 iacit,
419 276 483 331 plane
498 287 624 337 perversum
645 276 685 326 est3
711 275 771 315 nam
782 274 818 316 ille
833 275 879 329 ipse

163 360 222 401 dicit:
247 360 318 402 forma
334 361 475 403 acrosticnica·
489 361 607 403 sententias
623 359 729 414 quasdam
744 360 790 414 ipsa
805 372 878 401 rerum

162 448 183 487 et
194 447 318 502 argumenti
336 446 495 489 necessitudine
507 458 551 487 non
568 445 661 487 multum
681 447 737 487 inter
751 458 774 488 se
785 459 879 489 conexas

162 534 272 587 coniungi.
306 532 389 575 Suntne
406 536 478 574 autem
496 531 633 573 collectiones
650 532 811 588 sententiarum,
827 545 844 575 e.
857 548 888 588 gq

161 630 215 673 quas
231 631 271 660 nos
287 618 404 673 „giildenes
426 616 497 660 ΑΒΘ(ί
513 617 645 672 appellamus
668 620 689 658 et
714 618 878 660 lamentationes
933 598 935 601 ‚

160 703 258 745 eiusdem
275 703 411 758 argumenti?
427 727 455 732 -

233 790 287 832 Cum
298 790 366 832 forma
382 791 504 832 threnorum
514 790 616 845 congruit
627 792 785 845 argumentum.
812 791 877 833 Prae-

162 877 242 917 stantia
250 876 376 917 threnorum
384 875 468 930 poetica
475 875 577 916 laudatur
585 888 602 917 e.
611 890 631 931 g.
642 874 754 927 aLowthio
762 874 789 930 (p.
797 875 840 917 294
847 875 877 933 s),

160 963 180 1002 et
190 960 289 1004 Herdero
305 959 337 1017 (in
352 961 485 1016 praefatione
501 962 528 1003 ad
536 960 644 1014 ‘Boermel
655 960 793 1016 Klagelieder
810 962 876 1019 1781)

158 1040 181 1088 ¹et
197 1048 244 1089 aliis
260 1048 313 1089 uiris
330 1047 466 1089 doctissimis.

232 1134 294 1177 Certe
309 1136 333 1176 in
349 1136 392 1177 illis
411 1135 546 1177 carminibus
565 1148 642 1177 uersus
665 1135 814 1191 inueniuntur,
836 1137 875 1191 qui

158 1223 250 1264 elatione
272 1225 337 1276 atquc
361 1221 475 1263 altitudine
499 1222 602 1263 orationis
627 1221 710 1262 animos
734 1234 815 1275 eorum,
838 1223 876 1277 qui

157 1308 238 1363 legunt,
265 1312 399 1363 permovent,
425 1309 540 1363 praecipue
566 1308 589 1348 in
613 1307 719 1362 capitibus
745 1307 767 1349 Π
791 1310 812 1349 et
834 1307 873 1351 IV.

157 1391 200 1433 Sed
224 1391 377 1435 Wiedenfeldii
400 1394 507 1435 sententia
531 1391 559 1449 (p.
587 1391 621 1449 4):
653 1394 700 1447 „die
723 1393 873 1448 Klaggesiiuge

157 1491 234 1520 unsers
251 1478 372 1534 Propheten
390 1479 470 1532 gleiten
486 1480 510 1519 in
526 1481 608 1520 nartem
622 1478 751 1521 Fldtentone
772 1478 828 1520 iiber
841 1479 874 1520 die

156 1563 423 1607 Triimnrerderusalcms‘¹
433 1577 533 1619 perversa
542 1565 596 1606 mihi
605 1577 651 1606 esse
660 1565 751 1606 videtur.
767 1564 874 1606 Reussius

156 1651 225 1706 igitur
239 1653 297 1693 recte
313 1651 394 1693 iudicat
410 1652 433 1705 (l.
451 1664 468 1693 c,
485 1665 505 1706 p.
522 1648 585 1707 397):
611 1651 654 1706 „als
670 1651 789 1706 poetisches
805 1650 872 1693 Werh

155 1737 235 1779 fesseln
248 1737 307 1779 diese
324 1737 400 1779 hierler
417 1738 458 1778 den
474 1737 529 1779 Sinn
546 1738 583 1779 des
593 1737 670 1779 Lesers
686 1737 791 1779 vielmehr
807 1736 874 1778 durch

157 1824 199 1865 den
212 1822 350 1865 furchtbaren
361 1822 427 1864 Ernst
442 1823 499 1866 ihres
509 1823 671 1879 Gegenstandes
688 1823 719 1865 als
735 1823 803 1865 durch
811 1824 872 1865 ihren

156 1911 246 1965 eigenen
269 1909 418 1952 literarischen
438 1908 533 1951 Werth.“
574 1909 653 1965 Opinio
670 1910 763 1965 denique
779 1909 871 1952 Schnee-

156 1996 235 2038 dorferi
250 1997 277 2051 (p.
294 1994 317 2051 6)
338 1999 359 2037 ct
374 1995 488 2038 Flbclrnori
505 1995 533 2053 (p.
551 1994 651 2053 millii),
677 1996 719 2051 uua
742 1999 826 2052 putant,
848 1995 871 2037 in

155 2082 188 2123 his
205 2081 338 2124 carminibus
355 2082 499 2125 calamitatem
516 2082 576 2124 urbis
600 2082 626 2124 ab
650 2084 744 2135 homine,
762 2083 800 2138 qui
824 2094 870 2124 eam

155 2169 223 2211 oculis
239 2169 284 2210 suis
302 2168 385 2223 uiderit,
402 2169 427 2209 ad
443 2168 508 2211 fidem
524 2170 627 2211 historiae
641 2170 730 2222 narrari,
744 2169 871 2211 stultissima

154 2258 186 2298 est
208 2255 347 2297 nominanda,
385 2254 440 2296 Nam
459 2257 520 2297 tauta
543 2256 653 2303 calamitas
677 2258 741 2311 atque
764 2255 870 2310 pernicies

153 2343 220 2384 totius
228 2342 303 2398 populi
312 2345 355 2384 tam
364 2342 431 2398 polita
443 2345 464 2384 et
475 2342 546 2384 faceta
554 2341 622 2384 forma
635 2342 727 2385 describi
737 2355 782 2391 non
794 2341 868 2384 solent.
