1871 3227
505 173 531 214 12

157 293 321 347 perspiciamus
345 292 522 346 adhuc'semper
547 292 680 346 prohibitum
708 294 739 334 est
763 293 874 346 sententia,

156 391 201 432 qna
216 378 314 419 sentiunt
330 378 412 419 auxilio
436 378 617 432 interpunctionis
639 377 730 420 traditae
754 376 873 433 (vocalibus

156 466 179 504 et
194 463 299 517 accentis)
316 466 409 504 metrum
426 463 535 518 quoddam
550 463 707 504 inveniendum
728 463 788 516 esse3
806 464 874 504 omni-

157 547 199 590 bus
216 550 323 591 eiusmodi
340 549 492 603 experimentis
506 548 676 589 demonstratum
693 552 732 599 est,
743 550 873 591 sententiam

156 634 217 675 illam
231 636 315 676 irritam
331 637 351 677 et
368 646 442 676 omnes
456 635 480 675 in
496 634 533 675 illa
548 633 650 676 fundatas
665 634 794 690 hypotheses
805 648 872 677 vanas

156 732 210 761 esse.
228 720 259 762 Ea
271 722 318 776 ipsa
334 722 358 761 in
376 733 399 761 re
415 719 547 775 praestantia
565 732 639 761 earum
649 721 719 774 posita
731 722 769 771 est,
783 721 820 762 sed
833 720 873 762 hac
933 722 935 724 ’

156 818 179 847 re
196 806 261 847 etiam
278 807 412 849 damnantur.
448 804 499 847 Pari
522 805 585 846 modo
609 805 732 848 damnabile
756 809 788 848 est
804 805 873 849 Reve-

155 892 218 932 rendi
234 890 255 932 O.
272 891 289 933 I.
306 891 352 933 Ball
370 892 542 946 experimentum
553 891 596 944 ,the
612 892 709 933 metrical
725 894 834 935 structure
851 892 874 934 of

156 976 243 1025 otnoth‘
260 978 393 1032 propositum
411 978 434 1018 in
450 977 592 1032 proceedings
608 976 632 1018 of
646 977 681 1019 the
692 979 772 1030 society
788 977 811 1019 of
824 977 871 1019 bih-

154 1061 205 1102 lical
221 1062 366 1119 archaoology‚
383 1063 424 1105 vol.
441 1061 482 1116 IX,
498 1077 517 1117 p.
537 1063 576 1104 131
594 1075 620 1104 ss.

228 1149 309 1191 Versus
325 1151 406 1192 tament
420 1151 484 1192 tionis
505 1149 535 1207 (et
551 1151 639 1191 omnino
655 1162 732 1192 versus
747 1149 871 1206 hebraicus)

155 1248 199 1276 nou
216 1248 243 1277 ex
259 1239 326 1277 metro
343 1236 439 1291 syllabas
462 1239 591 1278 numerante
615 1237 759 1291 cognoscitur,
782 1236 820 1277 sed
844 1248 871 1277 er

152 1323 260 1363 sententia
276 1320 347 1363 verbis
362 1322 485 1375 rhythmice
501 1323 635 1363 accentuatis
652 1323 757 1377 exposita.

226 1408 258 1451 De
274 1409 346 1451 Wette
363 1408 455 1460 [Comm.
472 1409 508 1452 uh.
525 1410 545 1453 d.
562 1406 663 1466 Psalmfl)
680 1410 763 1464 primus
779 1408 870 1450 formam

153 1495 298 1548 rhythmicam
314 1495 473 1549 animadvertity
492 1495 559 1550 idque
577 1497 692 1550 praecipue
707 1496 731 1538 in
744 1495 869 1537 threnorum

152 1580 215 1623 libro.
246 1581 271 1622 ln
289 1581 396 1635 capitibus
413 1580 423 1622 l
439 1583 459 1623 et
474 1580 503 1635 H,
520 1585 543 1623 ut
558 1582 612 1636 ipsis
628 1582 675 1623 eius
691 1580 763 1623 verbis
776 1584 871 1635 utamur,

154 1666 257 1709 bestehen
275 1667 332 1709 diese
349 1666 417 1709 Verse
433 1680 472 1709 aus
490 1667 535 1709 drei
560 1667 677 1722 parallelen
695 1666 803 1722 Gliedern⁷
827 1680 870 1709 wo-

152 1766 196 1793 yon
210 1752 270 1806 jedes
295 1754 343 1794 eine
360 1751 429 1795 Casur
452 1753 501 1794 dem
521 1752 588 1795 Sinne
612 1753 659 1795 und
681 1753 729 1795 dem
752 1752 870 1795 [tedanhen

151 1838 207 1879 nach
230 1839 272 1880 hat.
311 1838 399 1881 Hierbei
424 1852 484 1881 muss
508 1852 559 1880 man
584 1838 695 1881 bisneilen
718 1838 752 1881 die
772 1839 868 1881 Accente

151 1924 270 1977 rerlassen3
288 1924 314 1966 de
330 1926 399 1981 capite
415 1925 449 1967 ΠΙ
466 1925 527 1967 dicit:
546 1924 586 1979 „Es
602 1925 639 1967 hat
661 1938 703 1966 nur
726 1924 867 1980 cingliedrige

151 2008 230 2063 Verse3
248 2010 314 2052 allelu
330 2011 367 2053 das
384 2012 431 2053 eine
449 2011 511 2054 Glied
524 2013 552 2054 ist
568 2011 623 2053 doch
638 2024 662 2053 so
681 2010 815 2066 rhythmisch
831 2024 868 2066 ge-

150 2098 229 2149 nennt,
246 2096 301 2149 dass,
318 2109 350 2137 wo
367 2098 427 2139 nicht
443 2099 479 2139 ein
494 2110 575 2152 ganzer
598 2097 757 2149 rhythmisoher
773 2096 867 2139 Parallc-

148 2181 233 2236 lismus,
249 2182 304 2224 doeh
320 2184 355 2224 ein
371 2182 512 2238 Nachschlag‚
537 2183 575 2225 der
598 2196 638 2225 rur
653 2182 716 2224 Ruhe
738 2183 804 2238 ftihrt,
820 2186 867 2225 ont-

148 2268 212 2311 steht,
243 2267 276 2310 De
294 2269 364 2312 Wette
380 2283 424 2311 non
440 2271 534 2312 multum
545 2270 624 2323 aberat,
635 2271 766 2311 utnostrum
777 2282 866 2312 uersum

146 2341 348 2411 recteexplicare13
370 2357 408 2398 sed
432 2369 482 2398 cum
504 2357 527 2397 in
549 2359 633 2411 postero
658 2356 722 2398 dicit:
744 2357 780 2411 „in
795 2355 835 2409 lli,
853 2356 865 2397 3

146 2439 215 2482 reicht
239 2436 350 2498 mam]
374 2442 436 2484 nicht
459 2456 499 2484 zur
522 2441 618 2498 Bildung
646 2442 682 2484 des
705 2441 865 2496 Nachschlages

145 2526 204 2580 ans,“
229 2527 339 2582 perlucide
363 2529 503 2584 demonstrat,
528 2542 593 2584 quam
620 2529 703 2571 incerta
727 2541 767 2570 sua
789 2541 865 2570 versus

145 2614 242 2668 cognitio
258 2613 330 2657 fucrit.

217 2701 422 2759 Enaldinm,rir·um
430 2706 676 2760 doetissimum‚torruna
684 2720 696 2748 a
706 2708 764 2747 recta
773 2709 794 2748 et
800 2706 864 2762 plana
