1871 3227
507 170 522 211 4

156 290 181 332 in
196 291 231 332 his
246 289 385 332 versionibus
400 289 503 344 praefatio
519 287 640 340 Invenitur,
655 286 709 328 haec
724 285 790 328 verba
806 287 874 328 conti-

157 389 222 419 nens:
246 375 274 417 Et
289 375 371 417 factum
387 378 425 428 est,
440 377 554 430 postquam
569 374 592 413 iu
602 372 754 426 'captivitatem
772 371 874 413 redactus

158 465 190 504 est
204 461 272 504 Israel
293 464 314 503 et
328 461 446 502 Ierusalem
468 459 552 501 deserta
571 460 612 511 est,
633 457 688 499 sedit
703 457 806 499 Ieremias
824 470 873 512 pro-

157 548 222 602 pheta
241 546 296 588 tlens
315 549 336 587 et
350 545 436 601 planxit
450 544 604 586 lamentatione
621 543 662 585 hac
680 545 703 584 m
718 543 836 585 Ierusalem
853 545 873 584 et

159 646 232 674 amaro
248 633 319 674 animo
336 633 449 686 suspirans
465 632 486 672 et
502 629 585 671 eiulans
602 628 658 670 dixit
675 653 712 672 -.

230 717 299 772 Caput
313 717 413 771 quintum
426 716 466 757 hac
476 716 617 771 inscriptione
629 716 729 755 ornatum
741 716 781 757 est:
799 713 872 755 Oratio

157 804 259 847 Ieremiae
274 803 396 857 prophetae,

229 888 256 929 In
272 885 372 928 versione
389 884 478 938 Syriaca
491 886 603 941 inscriptio
614 885 665 928 Itbri
680 886 749 927 nostri
764 886 818 927 haec
831 887 871 926 est:

156 975 210 1016 liber
226 973 403 1015 lamentationum
419 971 523 1013 Ieremias
538 972 659 1027 prophetae.
806 965 808 969 ⁴

227 1059 254 1101 In
270 1058 371 1114 operibus
387 1061 473 1113 patrum
488 1058 541 1098 haec
557 1062 646 1099 nomina
658 1057 733 1099 lectori
744 1059 869 1099 occurrunt:

155 1143 245 1199 θρῆνος,
260 1144 346 1198 θρῆνοι,
362 1143 439 1195 threni,
454 1142 624 1196 lamentationes,
640 1143 740 1185 lamenta,

441 1245 584 1253 mvmmvwmm

173 1347 197 1398 Β.
217 1346 249 1398 he
269 1347 328 1409 loco,
349 1361 416 1413 quern
437 1347 495 1399 liber
515 1349 598 1400 noster
617 1348 639 1398 in
657 1358 751 1399 canone
771 1345 850 1397 babet.

225 1488 252 1531 ln
260 1489 371 1532 codicibus
378 1489 492 1532 Hebraicis
497 1490 548 1532 ordo
553 1489 870 1547 librorum,quoshagiographa

153 1575 275 1628 nominant,
291 1576 314 1616 in
334 1574 414 1629 quibus
429 1575 485 1618 liber
500 1581 573 1618 noster
589 1578 722 1630 numeratur,
741 1576 814 1617 rarius
831 1578 870 1617 est.

225 1660 251 1702 In
268 1661 377 1702 codicibus
393 1661 518 1717 Hispanicis
530 1662 581 1703 libri
591 1662 653 1717 positi
667 1664 719 1703 sunt
729 1662 769 1703 hoc
784 1661 868 1704 ordine:

153 1745 327 1801 Paralipomenm
345 1747 436 1804 Psalmi,
454 1747 502 1802 roo,
521 1746 731 1802 Proverbialiter,
749 1747 869 1800 Canticum,

151 1831 305 1887 Ecclesiastes‚
321 1832 409 1885 Threci,
421 1833 502 1876 Esther
520 1837 558 1876 etc.
590 1834 632 1876 Sed
648 1835 671 1875 in
687 1833 800 1875 codicibus
817 1830 868 1872 Ger-

152 1919 243 1959 manicis
262 1919 292 1960 ita
307 1925 459 1962 numerantur:
482 1919 572 1974 Psalmi,
589 1919 716 1974 Proverbia‚
732 1918 780 1971 Iob,
798 1917 869 1959 (lanti-

152 2014 210 2057 cum,
233 2001 304 2057 Ruth,
327 2005 416 2060 Threci,
439 2004 581 2048 llcclesiastes
605 2009 644 2047 etc.
681 2005 748 2048 Hunc
770 1999 882 2046 ordinem

152 2092 240 2129 servant
256 2101 293 2132 eae
310 2091 420 2145 editiones,
437 2104 492 2146 quae
506 2092 539 2133 his
553 2091 685 2147 temporibus
701 2092 829 2148 plerumque
844 2090 868 2130 in

150 2173 251 2216 manibus
267 2176 364 2218 virorum
376 2177 487 2219 doctorum
504 2181 565 2229 sunt,
581 2178 604 2219 in
620 2178 647 2220 iis
659 2177 791 2220 editionibus
801 2177 869 2231 igitur

150 2258 230 2301 librum
246 2260 426 2303 lamentationum
443 2263 567 2305 invenimus
580 2264 603 2304 in
614 2263 661 2305 loco
672 2263 868 2320 hagiographorum

151 2347 211 2387 sexto
228 2347 284 2387 inter
300 2346 367 2389 libros
382 2346 441 2389 Ruth
458 2351 479 2390 et
493 2347 600 2390 Koheleth
615 2350 736 2405 inscriptos.

221 2431 247 2473 In
264 2434 359 2474 tractatu
375 2433 516 2489 thalmudico,
535 2434 591 2476 baba
606 2434 681 2477 hathra
701 2434 746 2492 (tol.
764 2435 818 2492 leb)
833 2437 867 2478 in-

150 2518 236 2573 scripto,
251 2519 363 2560 invenitur
378 2518 433 2561 liber
449 2520 574 2562 threnorum
585 2521 637 2562 item
648 2522 704 2563 inter
714 2521 866 2577 hagiographa,

151 2616 206 2657 quae
221 2604 262 2645 hoc
280 2605 354 2646 ordine
370 2606 473 2647 collocata
487 2610 547 2648 sunt:
566 2605 630 2662 Ruth,
647 2606 736 2662 Psalmi,
751 2607 797 2663 rob,
814 2609 866 2652 Pro-

147 2688 227 2745 rerbia,
244 2689 390 2746 Ecclesiastes
408 2691 526 2748 Canticum
542 2691 626 2746 Threci,
643 2693 723 2737 Daniel
738 2697 778 2737 etc.
