1871 3227
502 193 514 233 8

146 310 223 353 lectori
238 311 261 352 in
278 311 384 367 capitibus
399 310 473 352 I—IV
488 310 593 366 praebent
608 311 705 352 ordinem
721 310 832 353 literarum
849 314 865 370 p

147 399 172 450 ᾖ,
187 396 286 438 versibus
302 396 363 439 XVI.
381 400 402 439 et
411 396 485 440 XVII.
501 398 524 438 in
540 396 645 452 capitibus
655 395 740 438 H-IV
756 394 865 449 mutatis1)

220 495 318 538 Eandem
334 498 475 538 mutationem
490 497 574 552 perficit
590 497 661 538 versio
677 495 772 550 Syriaca.
810 494 865 537 Ver-

148 583 180 624 sio
197 580 260 623 LXX
284 583 337 624 satis
359 581 429 635 habet,
454 583 543 623 nomina
558 582 677 635 literarum,
701 594 756 636 quae
773 580 864 636 singulis

148 666 249 709 versibus
265 667 383 722 praeponit,
406 668 430 708 in
453 666 560 721 capitibus
576 665 662 708 H-IV
677 667 700 708 in
716 667 814 709 ordinem
830 680 865 709 ca-

148 753 199 807 pitis
221 753 287 807 primi
303 747 417 808 ’Ἆϊν-Φή
439 753 563 806 restituere,
586 764 663 793 versus
679 756 752 794 autem
767 753 826 808 ipsos
841 754 864 794 in

148 838 223 879 ordine
238 841 312 880 textus
328 837 431 880 Hebraici
446 836 540 892 praebet.

220 934 417 978 Commentatorum
433 935 539 989 sagacitas
555 947 686 989 magnopere
706 936 795 990 studuit,
814 948 864 978 cau-

148 1034 194 1063 sam
209 1021 274 1062 ]ruius
291 1020 422 1063 differentiae
437 1022 566 1076 perspicere.

220 1105 306 1148 Grotius
322 1106 435 1147 Ieremiam
456 1107 480 1146 in
500 1106 568 1160 capite
594 1106 663 1160 primo
685 1110 709 1147 ut
732 1106 864 1161 Hebraeum,

147 1192 171 1232 iu
192 1191 297 1245 capitibus
312 1190 398 1233 H—IV
417 1194 441 1232 ut
459 1191 549 1245 imperio
567 1189 724 1233 Chaldaeorum
740 1191 863 1234 subiectum

149 1276 215 1318 rerba
230 1276 306 1318 fecisse
321 1279 389 1331 putat,
405 1277 520 1319 arbitratus
538 1276 681 1333 „Chaldaeos‘
702 1277 798 1319 ordinem
817 1277 863 1320 iite-

147 1376 227 1415 ranum,
245 1363 280 1417 qui
297 1365 321 1403 in
337 1362 443 1416 capitibus
459 1362 543 1405 Hssrv
560 1365 660 1417 occurrit,
676 1375 798 1417 usurpasse.

218 1458 368 1502 Kenaioottius
384 1461 476 1515 (dissert.
487 1462 581 1516 generat.
597 1463 620 1503 in
637 1461 664 1503 V.
679 1460 702 1504 Τ,
717 1460 729 1514 ἕ
745 1461 772 1501 23
786 1474 807 1516 p.
823 1460 862 1518 43)

148 1549 169 1587 et
184 1545 274 1587 Iahnius
297 1545 360 1602 (Eini.
380 1546 408 1601 H,
423 1560 443 1601 p.
461 1547 511 1600 574)
535 1562 547 1589 a
569 1547 657 1589 librario
682 1547 760 1588 vitium
783 1547 864 1589 taetram

148 1642 196 1672 esse
211 1635 295 1685 putant,
310 1630 459 1674 Berthoidtius
474 1630 541 1687 [iiiut.
558 1647 579 1688 p.
596 1633 662 1685 2321)
683 1631 791 1673 oblivione
807 1645 862 1686 qua-

147 1715 196 1756 dam
213 1720 297 1770 poetam
316 1718 340 1758 in
358 1730 451 1760 errorem
471 1719 587 1760 inductum
607 1731 654 1760 esse
670 1716 786 1771 contendit,
802 1730 863 1772 „cum

149 1801 207 1843 enim
226 1802 249 1843 in
269 1804 363 1846 secundo
384 1805 479 1845 carmine
501 1807 593 1846 errasset
611 1808 674 1859 poeta
692 1804 717 1844 iu
734 1802 772 1844 iiia
793 1802 863 1855 litera,

149 1897 219 1927 errore
236 1889 302 1930 semel
318 1889 374 1931 iacto
393 1889 508 1932 inductum
533 1891 607 1933 eadem
630 1890 714 1931 ratione
738 1900 825 1944 quoque
839 1889 863 1929 in

149 1973 224 2013 ceteris
238 1985 288 2015 eum
306 1975 373 2018 fuisse
391 1976 495 2031 iapsum.“
521 1975 636 2032 Riegierus
653 1973 796 2029 (Kiageiieder
808 1986 830 2028 p.
842 1974 863 2029 5)

146 2057 211 2098 etiam
226 2062 301 2113 poetae
313 2060 422 2103 licentiam
439 2074 527 2103 causam
543 2074 590 2102 esse
606 2060 666 2101 ducit
675 2059 741 2101 huius
751 2059 863 2100 literarum

147 2141 234 2184 ordinis.
265 2144 374 2193 Kalirarus
394 2146 568 2201 (tamentationes
583 2160 603 2201 p.
621 2145 658 2201 55)
679 2145 822 2200 discrepantia
839 2145 862 2185 in

145 2228 235 2281 psalmis
252 2231 280 2270 25
297 2236 317 2273 et
334 2233 362 2273 34
378 2231 490 2273 observata
506 2232 533 2273 ad
550 2245 597 2274 eam
613 2232 719 2273 adductus
736 2233 769 2273 est
779 2234 864 2273 senten-

145 2313 204 2368 tiam,
217 2317 242 2355 ut
256 2320 324 2371 putet,
334 2317 401 2359 huius
417 2319 449 2359 rei
465 2331 552 2360 causam
563 2330 591 2359 ex
602 2313 785 2376 παλαιογραφίας
804 2329 863 2358 nunc

147 2401 235 2455 quidem
261 2404 330 2446 nobis·
349 2405 460 2461 incognita
486 2407 506 2445 et
531 2403 621 2446 fortasse
643 2403 714 2445 adhuc
739 2401 863 2457 indaganda

216 2582 235 2630 1)
248 2583 334 2620 Memoria
352 2585 426 2630 dignum
445 2595 483 2620 esse
502 2583 548 2619 mihi
568 2583 639 2618 videtur
657 2582 676 2618 in
694 2582 763 2628 psalmo
781 2581 863 2617 XXXIV

144 2655 229 2702 primitus
245 2659 321 2694 eundem
333 2658 424 2695 literarum
436 2658 523 2700 ordinem,
542 2668 595 2703 quern
613 2658 632 2693 in
651 2657 740 2702 capitibus
752 2656 822 2692 H—IV
834 2657 862 2691 in-

144 2730 199 2774 venis,
212 2742 264 2785 p-p)
277 2732 339 2769 fuisse.
