1871 3227
499 158 548 200 'lo

176 290 231 330 mus,
258 278 418 332 respiciendum
444 277 507 319 nobis
534 282 571 330 est,
597 293 638 322 nes
660 280 701 322 hoc
723 280 770 322 loco
793 281 892 322 invenire

174 363 257 417 poesin,
282 376 339 418 qriae
364 377 409 405 uon
433 366 515 419 spectat
540 363 568 404 ad
591 364 734 419 quantitatem
757 365 893 420 syllabarum

175 461 248 503 neque
264 450 402 504 cognoscitur
418 462 446 491 ex
461 452 529 490 metro
546 449 625 504 aliquo¹
641 449 679 491 sed
695 462 751 504 quae
767 454 849 505 spectat
864 451 892 492 ad

175 547 292 576 numerum
303 539 324 577 et
335 536 473 591 cognoscitur
484 548 511 576 ex
526 534 657 587 syllabarum
669 548 766 578 numero.
781 535 891 578 Numerus

175 622 246 661 antem
269 620 293 660 in
313 620 373 674 poesi
396 619 496 661 hebraica
519 633 565 661 non
587 621 617 663 ita
636 621 812 676 interpretandus
827 621 890 663 nobis

175 711 212 759 est
236 709 262 747 ut
284 706 312 747 sit
333 705 492 747 consecutios
482 705 616 757 syllabarum
644 717 696 746 sono
722 707 889 759 enunuacnum,

175 804 230 846 quac
246 794 295 846 post
311 794 368 832 certa
384 792 440 831 inter
463 803 486 832 se
510 792 618 846 comparia
633 790 665 831 int
657 790 748 832 tervalla
764 792 810 833 sive
825 791 890 847 longa

120 883 126 900 Γ
174 878 219 918 sire
243 876 317 918 breria
340 877 448 931 rtepeitur.
488 875 592 918 Namt
568 880 619 918 utt
610 875 660 917 talis
676 877 800 918 consecutio
816 876 889 919 obser·

174 966 242 1014 vetur
258 962 380 1004 necessaria
397 964 428 1002 est
444 963 543 1002 numera
545 974 594 1003 io
595 961 745 1015 yllabarunr,
748 974 791 1016 qua
815 974 888 1003 carere

172 1049 246 1104 poesin
262 1047 409 1090 hebraicamt
401 1046 510 1087 tandem
504 1060 527 1087 rn
538 1049 635 1089 animum
645 1047 748 1088 inducere
759 1046 869 1090 debemus
873 1045 889 1103 ¹>

171 1133 248 1188 ltaque
271 1144 386 1174 numerum
409 1134 495 1173 tantum
518 1133 548 1174 sic
571 1133 709 1187 interpretari
732 1131 842 1187 debemus,
863 1137 888 1174 ut
919 1111 920 1114 Γ

172 1218 268 1272 syllabae
284 1217 362 1271 adsint,
376 1230 431 1272 quae
447 1229 499 1259 sono
516 1218 666 1270 enuntiantur-3
683 1216 805 1259 secundum
821 1231 887 1273 quam

170 1304 240 1359 legem
262 1316 299 1344 eae
322 1303 419 1356 syllabae
442 1315 495 1344 sono
518 1304 665 1356 enuntientur,
688 1303 824 1358 ignoramus3
844 1304 886 1345 nisi

173 1390 312 1431 contradictio
336 1389 359 1429 in
382 1388 463 1430 adiecto
482 1387 545 1429 uobis
561 1387 675 1443 opprobrio
699 1388 791 1441 daretur,
815 1388 886 1430 dicere

171 1475 278 1517 vellemus
293 1476 317 1515 in
332 1474 392 1528 poesi
408 1473 508 1515 hebraica
518 1473 582 1514 modo
594 1474 686 1515 existere
702 1467 783 1527 ἄνομον
795 1471 886 1531 ῥυθμόν,

242 1562 372 1617 Compositio
388 1560 496 1616 quaedam
507 1560 641 1613 syllabarum
655 1573 709 1602 sono
721 1562 886 1617 enuntiatarum,

169 1648 294 1690 nominatur
309 1648 367 1689 linea
383 1658 500 1688 numerosa
515 1646 550 1687 rel
566 1658 650 1689 uersus.
683 1645 765 1689 Versus
782 1647 859 1689 diuidit
850 1651 886 1689 tur

168 1734 191 1774 in
207 1733 289 1775 cola-r
258 1745 336 1788 uriae
351 1728 638 1787 caesuris³>censttruunur,
670 1730 768 1785 Sytsema
781 1745 885 1775 versuum

167 1819 266 1860 nominat
267 1831 292 1860 ur
308 1831 318 1860 s
319 1818 400 1873 iopba.
405 1817 421 1870 ³)

239 1936 257 1980 Γ)
270 1935 298 1970 ΕΓ
311 1946 331 1971 co
345 1935 393 1979 quod
404 1935 423 1969 iu
435 1933 528 1970 nonnullis
544 1933 618 1980 psalmis
631 1945 693 1969 versus
705 1934 822 1971 intercalares
833 1936 883 1972 inre-

167 2009 231 2054 nimus,
246 2019 283 2044 nen
296 2008 376 2044 absolute
390 2007 494 2044 concludere
508 2007 600 2052 dehemus,
613 2007 690 2042 metrum
703 2008 791 2044 exstitisse
803 2009 822 2044 in
835 2009 885 2055 poesi

167 2082 257 2119 hebraica.
288 2081 323 2118 Sed
341 2082 357 2117 si
375 2083 454 2117 metrum
472 2081 568 2125 exstiterit,
587 2080 646 2116 adhuc
665 2083 711 2116 certe
731 2081 783 2117 nobis
803 2082 883 2128 incogni-

165 2161 204 2192 tum
218 2158 250 2192 est.

239 2233 257 2279 2)
270 2233 305 2269 Hic
318 2243 390 2280 quoque
403 2232 491 2269 terminus
502 2232 523 2267 in
541 2232 591 2278 poesi
608 2231 693 2267 hebraica
711 2231 765 2268 aliam
777 2232 832 2269 nabet
843 2234 883 2269 rim

164 2311 220 2354 atque
232 2308 252 2343 in
264 2307 315 2352 poesi
328 2307 396 2343 Graeca
410 2309 429 2342 ct
441 2307 528 2349 Romana,
547 2305 593 2341 nihil
612 2305 660 2340 enim
678 2305 769 2350 significat
788 2307 824 2342 nisi
844 2317 882 2343 cae-

164 2392 224 2417 surani
236 2391 305 2418 SQHSUS.

235 2471 254 2518 3)
269 2471 417 2508 Commendabile
430 2473 463 2516 est,
475 2471 505 2507 his
517 2470 600 2507 terminis
613 2481 684 2516 semper
696 2470 734 2516 uti3
757 2481 791 2515 que
803 2481 823 2506 re
836 2469 882 2505 rnul-

164 2546 224 2581 titudo
245 2546 295 2581 varia
318 2547 335 2581 et
356 2545 464 2591 permutatio
486 2556 509 2581 ex
529 2544 603 2580 libidine
622 2545 670 2580 iacta
682 2543 881 2580 termiuorumariris

163 2619 221 2655 decus
245 2619 341 2655 electorum
362 2620 450 2655 vitaretur
451 2630 491 2663 ,e
512 2630 528 2664 g.
547 2618 625 2654 Enaldii
644 2617 880 2663 ¹,chdenabibeilungeu“

163 2694 212 2740 apud
225 2693 271 2729 alios
283 2695 327 2729 sunt
339 2692 372 2737 „St
374 2693 458 2738 rop‘tihen
472 2693 510 2728 eius
519 2691 663 2739 ,pangglieder‘
672 2692 721 2738 apud
729 2691 879 2728 Wicdeufeldiuin
