1871 3227
409 197 436 239 tt

64 316 107 358 viri
130 315 249 359 doctissimi
272 317 335 359 nobis
355 319 446 360 minime
468 316 592 374 probantur.
626 316 683 359 Nam
707 330 782 360 versus
827 362 829 365 .

64 404 130 445 huius
152 404 228 458 capitis
255 403 432 446 artificiosissime
455 405 575 445 constructi
605 407 663 446 sunt.
703 404 781 463 itaque

64 492 121 532 recte
136 489 243 532 Reussius
259 490 311 532 haec
327 489 393 532 rerba
409 489 468 532 fecit:
485 488 515 531 Es
530 489 559 531 ist
574 502 602 530 an
618 489 653 531 die
664 489 728 532 Steiie
745 492 782 532 der

65 575 305 631 Buchstabenordnung
321 576 355 617 die
371 577 484 618 Assonanz
508 578 611 631 getreteu,
634 576 685 617 oder
708 576 782 630 (uenn

64 676 115 705 man
131 675 154 705 so
178 675 243 718 sagen
267 660 320 719 will)
343 662 381 704 der
396 661 581 716 unregelm'assige
597 661 665 715 Reium
685 662 723 704 der
738 676 780 704 uns

63 748 137 793 demat
160 747 265 804 begegnet
289 747 319 804 (u,
343 761 382 803 nu,-
404 761 453 802 anu,
472 749 517 802 inu,
542 762 590 802 anu,
614 747 690 804 unu).“
723 747 782 798 Quae

66 848 115 876 cum
131 835 161 877 ita
177 836 226 887 sint,
246 836 358 890 cognoscis
382 838 492 876 auctorem
516 847 589 890 neque
613 836 681 877 otium
706 847 782 877 uersus

65 920 179 963 artificiose
195 921 335 963 construendi
351 920 454 963 defecisse
473 926 494 962 et
516 921 577 962 illam
600 922 783 964 constructionem

66 1006 203 1050 artificiosam
220 1007 341 1061 argumenti
363 1007 398 1049 vei
419 1008 522 1049 orationis
544 1020 609 1049 causa
633 1008 722 1049 minime
746 1020 783 1049 ne-

64 1094 167 1150 glexisse.
198 1091 316 1147 Negotium
331 1093 399 1147 igitur
414 1093 449 1134 vei
473 1093 591 1148 scrupulus
609 1094 696 1149 quidam
713 1094 784 1135 ordini

65 1180 199 1236 alphabetico
216 1180 322 1221 contraria
338 1179 405 1221 fuisse
417 1191 480 1221 nemo
497 1180 538 1221 erit
549 1181 587 1235 qui
603 1181 688 1222 sentiat.
720 1178 783 1229 Quod

65 1269 137 1307 autom
153 1264 259 1307 Buddeus
275 1264 368 1318 (natu
385 1265 449 1315 1882,
466 1264 483 1318 1,
499 1280 519 1320 p.
536 1265 574 1322 45)
600 1267 728 1321 quaestioni,
745 1279 784 1307 cur

67 1352 91 1392 in
103 1352 265 1405 capite-quinto
276 1350 400 1392 conforma
415 1352 582 1405 lamentationis,
599 1365 654 1407 quae
672 1352 695 1392 in
712 1352 785 1406 capiti-

70 1437 112 1479 bus
127 1436 208 1490 I-tu,
225 1430 320 1478 adhibita
336 1438 370 1491 sit,
385 1438 417 1479 sic
432 1438 553 1493 respondet,
572 1441 657 1492 poetam
681 1450 728 1479 eam
744 1438 785 1479 tor-

67 1536 124 1564 mam
144 1524 288 1565 necessariam
306 1536 351 1565 uon
373 1536 420 1565 esse
445 1528 539 1578 putasse,
562 1524 621 1579 qarod
641 1527 706 1578 caput
728 1523 785 1564 illud

67 1609 243 1650 lamentationem
266 1622 310 1650 uon
334 1610 450 1664 contineat,
476 1610 502 1650 ad
529 1613 595 1665 caput
620 1610 709 1651 tertium
734 1621 784 1650 eum

67 1694 201 1748 adducimus,
218 1695 282 1750 quod,
299 1697 324 1736 ut
333 1695 403 1749 ipsius
418 1695 491 1737 verbis
509 1699 562 1751 utar,
578 1697 627 1750 „eiu
642 1696 693 1737 weit
708 1707 784 1749 vorge-

67 1782 193 1824 schrittenes
212 1780 311 1823 Stadium
330 1781 368 1823 dar
384 1780 563 1837 Uebertragtrug“
582 1781 675 1837 praebet
707 1780 784 1836 itaque

67 1868 85 1908 si
101 1868 229 1923 respicimus
246 1880 360 1918 conexum,
376 1868 414 1923 qui
431 1868 546 1910 intercedit
562 1870 620 1910 inter
631 1873 784 1923 argumentum

67 1954 143 2008 capitis
163 1952 180 1993 V
203 1956 224 1995 et
248 1957 399 2009 argumentum
417 1955 512 2009 capitum
528 1953 608 2007 Ι-ΙῩ,
625 1953 679 1994 nihil
695 1952 785 2007 impedit

68 2039 186 2093 quominus
201 2037 263 2094 poeta
285 2041 348 2082 etiam
364 2041 388 2081 in
404 2043 477 2082 nostro
496 2041 564 2095 capite
588 2052 675 2081 versum
702 2039 785 2080 tamen-

68 2125 155 2166 tationis
179 2124 280 2168 adbibere
303 2126 403 2181 potuerit.
420 2125 481 2168 Haec
497 2126 609 2168 hactenus.

139 2212 204 2255 Nunc
221 2225 310 2267 agamus
328 2214 353 2254 de
372 2216 482 2254 structura
501 2213 567 2254 lartius
589 2224 665 2253 versus
681 2210 786 2252 iamenta-

67 2301 139 2343 tionis.

141 2383 222 2427 Versus
238 2385 392 2426 massoreticus
407 2385 431 2426 in
448 2384 554 2440 capitibus
569 2382 581 2425 Ι
597 2385 618 2425 et
633 2380 657 2424 Π
672 2383 787 2435 internas,
835 2405 837 2407 >

69 2470 92 2511 in
108 2471 177 2526 capite
192 2470 225 2513 IV
240 2471 264 2512 in
280 2471 342 2513 binas
357 2473 428 2525 partes
452 2470 536 2512 divisus
560 2472 598 2512 est.
629 2468 655 2510 In
680 2467 786 2524 capitibus

69 2554 103 2598 ΠΙ
119 2560 140 2599 et
155 2556 176 2597 V
192 2569 269 2599 versus
286 2557 438 2598 massoreticus
462 2569 512 2598 cum
535 2568 579 2597 una
603 2554 711 2597 eiusmodi
725 2556 787 2609 parte

69 2644 175 2698 congruit.
208 2641 250 2685 Sed
266 2644 339 2698 quafis
356 2646 388 2685 est
403 2643 440 2684 illa
455 2655 505 2698 pars
520 2643 533 2684 i.
552 2655 570 2684 e.
586 2654 663 2684 uersus
683 2628 787 2682 iamenta-

68 2729 150 2771 tionis?
176 2728 210 2771 Ne
229 2729 285 2771 clare
301 2732 322 2771 et
338 2729 439 2772 distincte
461 2728 611 2784 quaestionem
634 2728 694 2769 iliius
710 2739 786 2769 versus
