1871 3227
379 756 465 825 Vita.

386 904 458 911 ›mnu-m«

121 1071 123 1073 Ι
138 1010 206 1065 Natus
223 1009 481 1054 sumllanimilianus
496 1007 643 1051 Ittchardus
659 1005 783 1050 Herman-

65 1089 113 1141 nus
129 1098 197 1140 thr·
220 1096 358 1139 Stettinensis
377 1096 446 1151 pridie
468 1094 579 1137 Kalendas
601 1093 669 1135 Maias
693 1094 743 1134 anni
761 1093 782 1134 h.

61 1196 83 1240 s.
98 1181 172 1223 LXIV
190 1185 250 1237 patre
270 1180 361 1222 Alberto
383 1183 452 1221 matre
468 1179 596 1221 Johaunae
617 1180 682 1234 gente
697 1176 783 1218 Xtthni-

67 1283 114 1323 ana,
131 1281 185 1325 quos
201 1268 272 1310 adhuc
288 1268 349 1309 vivos
366 1267 419 1309 colo.
435 1266 497 1309 Fidei
521 1266 619 1308 addictus
644 1279 692 1307 sum
717 1277 783 1306 evan-

65 1355 153 1410 gelicae.

138 1437 257 1493 Postquam
273 1436 370 1480 Berolini
385 1449 424 1493 pen
440 1436 615 1493 quinquennium
632 1435 729 1478 scholam
741 1435 784 1491 pri·

40 1567 42 1569 ,
66 1529 136 1568 vatam
153 1525 295 1579 frequentavi,
311 1536 368 1565 anno
384 1522 481 1565 LXXVI
497 1523 592 1565 Ascanio
611 1524 724 1577 gymnasio
741 1526 783 1564 tra-

10 1624 13 1628 ’
68 1611 125 1651 ditus
149 1611 240 1671 eiusque
263 1610 287 1648 iu
319 1620 409 1649 numero
434 1607 589 1661 discipulorum
612 1610 711 1649 versatus
735 1620 784 1649 suin

66 1694 185 1752 usquead
206 1708 288 1746 annum
304 1692 438 1749 LXXXIII,
465 1707 507 1749 quo
527 1707 583 1736 auno
607 1697 700 1736 exeunte
719 1693 784 1749 Regi-

38 1830 40 1833 Α
67 1784 135 1824 monti
145 1782 229 1835 regium
241 1778 381 1834 gymnasium
393 1780 552 1822 Guilelminunr
568 1780 617 1834 adii,
634 1782 655 1821 et
670 1793 714 1820 uno
726 1792 783 1820 anno

45 1889 47 1891 >
66 1869 114 1923 post
128 1864 258 1907 maturitatis
274 1863 409 1906 academicae
425 1864 574 1907 testImonium
590 1865 670 1920 accepi.

138 1950 222 1994 Deinde
237 1952 260 1993 in
276 1964 394 1993 numerum
410 1953 490 1994 civium
514 1953 686 1994 academicorum
705 1952 783 1994 Alben-

67 2040 126 2080 tinae
141 2040 249 2091 receptus,
265 2037 343 2078 studiis
360 2040 381 2078 et
396 2037 533 2091 philologieis
553 2040 574 2078 et
590 2037 743 2090 philosophicis
763 2039 784 2077 et

68 2122 195 2180 theologicis
211 2134 250 2177 per
267 2122 309 2163 tria
325 2123 437 2164 semestria
453 2135 539 2178 operam
555 2123 644 2179 narari3
664 2135 706 2179 quo
727 2122 783 2165 facto

68 2210 191 2264 Gottingam
215 2209 330 2263 profectus,
352 2208 383 2250 ibi
405 2221 493 2264 quoque
516 2211 539 2251 iu
561 2210 671 2251 academia
691 2209 784 2264 Georgia

67 2295 166 2348 Augusta
189 2294 230 2333 tria
254 2295 366 2335 semestris
386 2293 465 2335 iisdem
488 2294 580 2335 incubui
604 2295 689 2338 studiis.
720 2294 782 2350 Regi-

51 2377 173 2422 'montmm
190 2378 261 2422 redux
277 2393 327 2422 cum
342 2380 422 2423 iterum
438 2374 487 2423 albo
502 2381 653 2437 theologorum
673 2382 772 2425 facultati

66 2466 193 2508 Albertiuae
199 2468 304 2519 ascriptus
312 2480 385 2522 usque
392 2467 419 2509 ad
425 2480 521 2509 mensem
526 2468 631 2510 Martium
639 2468 783 2510 LXXXVIII

67 2551 119 2591 anni
134 2550 207 2592 studia
218 2551 405 2608 continuarissem7
422 2552 455 2595 Id.
466 2553 536 2609 April.
553 2566 646 2597 cxanrcn
661 2567 700 2611 pro
715 2553 783 2597 licen-

66 2638 97 2680 tia
112 2635 256 2681 concionandi
272 2638 362 2684 absolvi.
393 2639 423 2683 ld.
439 2639 597 2684 Decembribus
617 2641 715 2684 eiusdem
730 2643 784 2683 anni

68 2724 148 2766 summi
163 2724 309 2780 philosophiae
326 2726 418 2768 honores
433 2728 457 2767 iu
471 2740 506 2769 me
518 2727 590 2769 collati
601 2731 657 2780 sunt,
669 2731 784 2782 postquam
