1871 3227
403 189 415 229 9

49 308 130 351 ratione
138 307 230 361 quadam
242 307 387 362 quaerendam
397 319 450 350 esse.
467 306 527 349 Haec
536 308 718 362 interpretationis
728 321 765 349 er-

48 394 168 450 perimenta
183 394 206 434 in
221 392 292 435 medio
307 393 432 447 relinquere
448 392 512 435 nobis
527 393 582 434 licet.

119 477 231 521 Eualdins
238 477 335 534 (Dichter
345 478 382 520 des
394 480 421 520 A.
438 477 472 519 nl
487 492 508 534 p.
527 477 764 535 143),Wieoonfe1dius

48 562 194 620 (Klagelieder
209 577 229 619 p.
247 562 276 619 8),
292 563 386 605 Thenius
403 563 549 620 (Klagelieder
565 578 586 619 p.
604 563 661 620 124),
676 562 764 619 thols-

36 648 137 691 >bachius
153 649 242 702 (dorem.
253 650 300 692 und
316 650 350 692 die
361 649 498 706 Klagetieder
513 663 533 705 p,
545 648 588 705 IX)
604 653 644 691 etc.
661 649 764 690 sentiunt.

49 733 145 776 ordinem
170 735 326 778 elementorum
343 735 503 778 Hebraicorum
526 737 550 777 in
574 735 622 777 aliis
638 734 763 790 regionibns

48 825 68 863 et
82 820 215 875 temporibus
232 821 273 862 alia
290 821 364 863 fuisse.

118 905 178 948 Haec
194 908 300 948 sententia
315 907 495 962 inquisitionibus
510 906 622 961 Sommeri,
632 907 673 948 viri
686 907 764 948 doctis-

47 992 102 1043 simi,
115 990 155 1033 snb
171 991 233 1034 titulo
244 991 354 1034 Biblische
369 992 545 1047 Abhandlungen
557 991 583 1047 (Ι,
593 1005 612 1047 p.
626 993 667 1033 145
677 991 704 1047 s.)
721 992 764 1034 edi-

47 1079 75 1120 tis
90 1078 121 1119 ita
137 1078 235 1119 convicta
252 1081 289 1131 est,
307 1080 330 1118 nt
345 1090 408 1133 porro
425 1078 511 1120 defendi
526 1091 570 1120 non
586 1079 661 1133 possit.

118 1163 160 1205 Sed
177 1165 196 1205 si
212 1165 267 1218 quis,
282 1166 308 1205 ut
323 1163 444 1219 llanrerns,
459 1177 504 1205 non
518 1164 643 1219 simpliciter
659 1175 763 1218 quaerere

46 1249 107 1291 velit:
124 1248 205 1290 turbati
221 1250 303 1291 ordinis
319 1249 448 1305 alphabetici
464 1264 530 1293 cansa
547 1263 603 1306 quae
618 1250 689 1302 tuerit,
709 1250 763 1291 scire

47 1336 99 1391 quid
119 1337 210 1377 interest
229 1334 353 1391 (comment.
370 1348 460 1389 gramm,
478 1337 544 1378 critic.
570 1336 596 1377 ad
612 1349 658 1390 cap.
674 1334 703 1389 ll,
721 1334 763 1390 ld),

46 1425 84 1464 ant
99 1425 124 1463 ut
141 1419 288 1478 collacatus)
305 1421 416 1477 desperate
435 1419 539 1470 confiteri,
557 1421 613 1462 hanc
637 1433 681 1462 rem
698 1433 764 1476 expe-

47 1508 87 1550 diri
105 1521 150 1549 non
168 1519 237 1562 posse,
256 1507 443 1549 commendatione
459 1507 513 1548 mihi
529 1507 619 1562 dignum
639 1519 685 1549 esse
704 1507 763 1548 ride-

46 1596 82 1635 tur
98 1593 231 1635 mentionem
246 1592 318 1634 facere
333 1593 392 1635 illius
408 1592 500 1645 Pareau,
521 1592 562 1633 viri
581 1592 706 1645 doctissimi,
725 1593 764 1647 qui

46 1680 89 1721 ianr
106 1691 162 1720 anno
181 1678 238 1719 1190
254 1676 418 1733 (1111111111.
435 1691 456 1733 p.
474 1676 570 1734 511151)
587 1679 660 1732 aliqua
675 1678 763 1719 licentia

45 1767 68 1807 in
88 1764 227 1821 alphabeticis
247 1763 379 1804 carminibus
397 1776 449 1805 usos
467 1763 536 1805 fuisse
549 1762 630 1819 'poetas
649 1762 762 1805 Hebraeos

46 1852 138 1893 censuit.
169 1849 255 1891 Keilius
272 1849 420 1906 (Klagelieder
435 1863 455 1905 p.
473 1850 532 1903 547),
549 1851 587 1905 qui
602 1850 662 1891 illius
677 1849 762 1891 Parean

48 1936 178 1977 sententiam
195 1935 325 1990 comprobat,
337 1935 405 1977 addit:
422 1935 483 1989 „Wir
493 1935 567 1977 finden
581 1936 669 1977 anchin
680 1935 763 1977 andern

46 2021 220 2076 alphabetischen
246 2021 338 2062 Liedern
362 2021 494 2063 mancherlei
518 2019 696 2075 Abweichnngen
719 2033 762 2062 von

36 2105 83 2148 der
93 2106 166 2162 Regel,
180 2106 261 2148 welche
277 2105 447 2148 unverhennbar
462 2091 544 2162 zeigen,
560 2107 610 2149 class
627 2106 661 2148 die
673 2105 763 2148 Dichter

45 2192 91 2233 sich
107 2206 151 2234 nur
167 2205 190 2233 so
206 2191 269 2247 lange
281 2195 354 2247 strong
370 2205 398 2233 an
409 2192 443 2234 die
454 2191 528 2234 Fessel
539 2191 577 2234 der
587 2191 760 2247 alphabetischcn

117 2361 134 2406 1)
148 2359 254 2396 Gerlachius
267 2360 390 2405 (Klagelieder
408 2372 426 2406 p.
440 2363 469 2403 10)
488 2360 542 2398 dicit:
562 2360 654 2406 „Zuftllig
672 2360 697 2395 ist
713 2360 761 2395 diese

45 2431 133 2470 Differenz
146 2436 166 2471 in
179 2438 226 2472 2-4
233 2434 293 2470 sicher
305 2434 361 2478 nicht,
374 2434 397 2469 da
410 2435 436 2469 sie
448 2434 524 2470 dreimal
535 2433 762 2470 hintereinauderwieder-

44 2502 107 2549 kehrt;
121 2507 150 2543 die
162 2508 240 2544 Absicht
253 2508 301 2551 abor,
320 2507 389 2544 welche
408 2508 460 2544 dabei
478 2507 587 2553 obgewaltet
608 2507 645 2551 hat,
664 2508 762 2553 vermbgen

44 2579 77 2613 wir
88 2580 140 2617 nicht
151 2582 203 2617 mehr
214 2593 236 2617 zu
249 2582 338 2618 crratheu.

115 2655 133 2702 2)
146 2654 257 2701 Opusoulum
269 2655 410 2692 illudaPareau
423 2656 495 2699 editum,
509 2655 591 2701 quamvis
604 2655 699 2700 diligenter
712 2656 729 2690 et
741 2654 761 2689 in

44 2727 106 2763 nrultis
119 2729 234 2766 bibliothecis
247 2730 372 2775 quaesiverim,
385 2728 473 2775 inspicere
485 2729 532 2765 mihi
544 2741 581 2765 non
592 2728 649 2765 licuit.
