1871 3227
477 183 540 228 ,20

238 304 305 360 Apud
321 303 376 345 Nab.
392 307 413 345 et
430 301 496 359 Sopb.
513 316 589 345 versus
605 304 686 358 passim
702 302 786 358 legitur.

242 392 342 447 Denique
357 395 451 434 metrum
467 393 565 432 nostrum
580 390 690 431 iuvenitur
702 390 726 431 in
737 389 885 445 compluribus

168 476 257 532 psalmis
271 478 361 519 minoris
378 478 461 531 aetatis,
477 489 494 518 e.
505 488 565 531 g.ps.
575 475 623 529 19,8
639 488 666 517 ss,
683 475 717 517 42.
733 477 769 517 43.
786 475 885 530 cao-7.

170 563 219 605 tot.
238 563 356 618 137,4—8;
381 565 496 605 maximam
513 563 596 617 partem
613 563 633 602 et
648 562 670 602 iu
686 562 713 603 iis
729 561 824 617 psalmis,
848 562 885 615 qui

170 647 271 690 dicuutur
288 626 396 709 stibt‘tffl
412 647 480 703 ΠΨ·

241 732 320 774 Fontes
342 746 381 787 pro
402 736 449 774 rata
472 736 532 788 parte
555 733 598 774 rari
622 735 680 775 sunt.
719 732 796 788 Itaque
822 733 883 775 :trodo

168 820 266 861 conicere
282 817 387 859 audemus
403 819 464 860 haec:

240 915 323 956 Versus
331 915 443 957 invenitur
452 916 475 957 in
492 915 630 970 carminibus,
647 928 703 971 quae
720 916 815 971 antiquis
831 919 885 958 tem-

104 1059 106 1061 ,
168 1000 257 1056 poribus
280 1002 304 1041 in
329 1013 364 1042 ore
388 1002 462 1056 populi
485 1002 579 1055 bierunt,
604 1002 641 1043 sed
656 1002 681 1043 in
696 1001 886 1044 lamentationibus

168 1087 240 1128 stricte
256 1085 318 1127 dietis
334 1099 378 1128 non
395 1089 508 1130 occurrit..

239 1188 265 1229 In
285 1186 386 1242 operibus
410 1187 539 1242 propheticis
559 1186 673 1228 adhibetur
687 1188 711 1228 in
727 1188 885 1229 lamentationi-

166 1275 207 1316 bus
222 1273 265 1315 late
281 1272 343 1314 dictis
359 1278 422 1353 ma?
438 1277 489 1326 ,th
505 1252 582 1328 abili&

238 1373 319 1416 Utrum
342 1372 408 1426 igitur
423 1383 500 1412 uersus
516 1374 589 1413 noster
606 1373 692 1414 demum
709 1386 721 1413 a
736 1372 844 1427 prophetis
855 1373 882 1415 in

166 1457 358 1514 lamentationibus
375 1456 485 1498 adbibitus
507 1459 534 1498 sit
550 1471 578 1498 an
593 1458 636 1499 iam
652 1461 714 1500 antea
730 1459 753 1500 in
770 1459 828 1513 poesi
844 1471 883 1514 po-

167 1546 239 1602 pulari
254 1558 298 1587 usu
314 1545 403 1598 venerit,
424 1544 532 1585 incertum
549 1547 586 1586 est.
604 1543 656 1586 Post
672 1547 761 1598 aetatem
776 1544 884 1600 propheti-

168 1644 214 1673 cam
231 1644 306 1673 versus
323 1631 416 1672 occurrit
431 1630 453 1670 iu
469 1630 528 1683 poesi
544 1629 643 1684 religiosa
659 1633 680 1671 et
696 1630 807 1672 didactica.

237 1730 313 1785 Itaque
336 1743 385 1770 cum
408 1728 525 1770 Budtleum
549 1733 664 1784 sequentes
680 1743 769 1772 versum
784 1733 882 1773 nostrum

167 1817 208 1859 (len
233 1815 373 1872 specifiscben
396 1813 574 1869 Kiagetied-Vers
597 1817 710 1858 nominare
734 1817 833 1870 uelimus,
856 1817 883 1858 ad

168 1904 257 1944 aetatem
273 1902 420 1957 propbeticam
444 1904 465 1942 et
487 1901 575 1942 threnos
595 1902 638 1943 tate
654 1902 721 1944 dictos
737 1902 801 1944 uobis
816 1904 884 1958 respi-

165 1988 267 2030 ciendum
284 1991 322 2029 est.

237 2084 320 2126 Versus
337 2085 411 2139 capitis
429 2085 504 2139 quinti,
521 2084 578 2138 quod
595 2084 622 2125 ad
638 2087 769 2127 structuram
784 2087 883 2142 pertinet,

166 2171 228 2213 valde
251 2171 306 2212 atius
331 2174 363 2212 est
386 2184 410 2212 ac
432 2183 509 2212 versus
526 2171 619 2224 capitum
637 2173 739 2225 quattuor
753 2172 881 2226 primorum.

165 2256 303 2312 Quamquam
320 2269 338 2297 r.
355 2255 374 2310 2,
392 2257 411 2311 3,
428 2257 456 2297 rt
477 2258 597 2299 secundnm
620 2255 706 2298 Buddei
721 2261 815 2299 metrum
832 2269 882 2298 con-

165 2343 241 2385 structi
257 2346 315 2395 sunt,
331 2345 403 2383 tamen
420 2355 473 2384 casu
488 2342 550 2384 nobis
566 2342 646 2384 factum
662 2355 708 2385 esse
723 2343 816 2398 uidetur,
832 2355 880 2384 cum

164 2429 244 2484 reliqui
258 2441 336 2471 uersus
352 2429 375 2469 in
392 2429 434 2470 duo
451 2428 559 2483 comparia
575 2429 621 2469 cola
638 2428 707 2470 diuisa
723 2429 771 2471 sint.

236 2529 259 2571 st
281 2533 378 2571 extremo
406 2529 452 2570 ioco
482 2529 508 2569 de
533 2527 614 2570 formae
635 2529 786 2571 acrosticbioae
813 2531 880 2571 aetate

165 2616 296 2671 quaerimus,
320 2615 362 2657 duo
385 2615 464 2656 iudicia
481 2614 538 2670 apud
554 2616 731 2657 commentatores
747 2616 878 2658 invenimus.

236 2702 438 2759 Heugstenbergius
448 2701 630 2759 (Psalm-Comm.
639 2702 669 2755 H,
678 2717 698 2759 p.
710 2703 746 2754 93]
756 2706 777 2746 et
785 2703 880 2746 Summe-
