<?xml version="1.0" encoding="UTF-8"?>
<!DOCTYPE html PUBLIC "-//W3C//DTD XHTML 1.0 Transitional//EN"
    "http://www.w3.org/TR/xhtml1/DTD/xhtml1-transitional.dtd">
<html xmlns="http://www.w3.org/1999/xhtml" xml:lang="en" lang="en">
 <head>
  <title>
</title>
<meta http-equiv="Content-Type" content="text/html;charset=utf-8" />
  <meta name='ocr-system' content='tesseract 3.04.00' />
  <meta name='ocr-capabilities' content='ocr_page ocr_carea ocr_par ocr_line ocrx_word'/>
</head>
<body>
  <div class='ocr_page' id='page_1' title='image "./MN41901ucmf_0_0027.png"; bbox 0 0 1871 3227; ppageno 0'>
   <div class='ocr_carea' id='block_1_1' title="bbox 400 910 430 953">
    <p class='ocr_par' dir='ltr' id='par_1_1' title="bbox 400 910 430 953">
     <span class='ocr_line' id='line_1_1' title="bbox 400 910 430 953; baseline 0.033 -1"><span class='ocrx_word' id='word_1_1' title='bbox 400 910 430 953; x_wconf 77' lang='grc' dir='ltr'>ΙΙ,</span> 
     </span>
    </p>
   </div>
   <div class='ocr_carea' id='block_1_2' title="bbox 104 1010 724 1154">
    <p class='ocr_par' dir='ltr' id='par_1_2' title="bbox 104 1010 724 1154">
     <span class='ocr_line' id='line_1_2' title="bbox 104 1010 724 1067; baseline 0.005 -14"><span class='ocrx_word' id='word_1_2' title='bbox 104 1010 139 1055; x_wconf 84' lang='lat' dir='ltr'>De</span> <span class='ocrx_word' id='word_1_3' title='bbox 156 1010 236 1054; x_wconf 81' lang='lat' dir='ltr'>fornia</span> <span class='ocrx_word' id='word_1_4' title='bbox 252 1011 277 1054; x_wconf 89' lang='lat' dir='ltr'>ct</span> <span class='ocrx_word' id='word_1_5' title='bbox 293 1010 322 1055; x_wconf 79' lang='lat' dir='ltr'>cle</span> <span class='ocrx_word' id='word_1_6' title='bbox 339 1013 484 1067; x_wconf 82' lang='lat' dir='ltr'>argumento</span> <span class='ocrx_word' id='word_1_7' title='bbox 501 1012 637 1055; x_wconf 75' lang='lat' dir='ltr'>carminum</span> <span class='ocrx_word' id='word_1_8' title='bbox 653 1013 679 1056; x_wconf 83' lang='lat' dir='ltr'>ct</span> <span class='ocrx_word' id='word_1_9' title='bbox 695 1012 724 1056; x_wconf 76' lang='lat' dir='ltr'>cle</span> 
     </span>
     <span class='ocr_line' id='line_1_3' title="bbox 269 1098 553 1154; baseline 0.007 -15"><span class='ocrx_word' id='word_1_10' title='bbox 269 1108 354 1140; x_wconf 85' lang='lat' dir='ltr'>corum</span> <span class='ocrx_word' id='word_1_11' title='bbox 371 1098 553 1154; x_wconf 74' lang='lat' dir='ltr'><strong>compositione.</strong></span> 
     </span>
    </p>
   </div>
   <div class='ocr_carea' id='block_1_3' title="bbox 244 1229 577 1281">
    <p class='ocr_par' dir='ltr' id='par_1_3' title="bbox 244 1229 577 1281">
     <span class='ocr_line' id='line_1_4' title="bbox 244 1229 577 1281; baseline 0.003 -1"><span class='ocrx_word' id='word_1_12' title='bbox 244 1229 268 1281; x_wconf 81' lang='grc' dir='ltr'>Α.</span> <span class='ocrx_word' id='word_1_13' title='bbox 289 1229 322 1281; x_wconf 81' lang='lat' dir='ltr'>De</span> <span class='ocrx_word' id='word_1_14' title='bbox 341 1229 419 1281; x_wconf 80' lang='lat' dir='ltr'>forma</span> <span class='ocrx_word' id='word_1_15' title='bbox 439 1229 577 1281; x_wconf 82' lang='lat' dir='ltr'>carminum.</span> 
     </span>
    </p>
   </div>
   <div class='ocr_carea' id='block_1_4' title="bbox 53 1339 772 1567">
    <p class='ocr_par' dir='ltr' id='par_1_4' title="bbox 53 1339 772 1567">
     <span class='ocr_line' id='line_1_5' title="bbox 126 1339 772 1397; baseline 0.003 -16"><span class='ocrx_word' id='word_1_16' title='bbox 126 1339 204 1382; x_wconf 77' lang='lat' dir='ltr'>Forma</span> <span class='ocrx_word' id='word_1_17' title='bbox 218 1342 307 1396; x_wconf 73' lang='lat' dir='ltr'>poetica,</span> <span class='ocrx_word' id='word_1_18' title='bbox 324 1343 418 1397; x_wconf 82' lang='lat' dir='ltr'>quaein</span> <span class='ocrx_word' id='word_1_19' title='bbox 435 1341 566 1383; x_wconf 77' lang='lat' dir='ltr'>carminibus</span> <span class='ocrx_word' id='word_1_20' title='bbox 581 1342 708 1383; x_wconf 84' lang='lat' dir='ltr'>threnorum</span> <span class='ocrx_word' id='word_1_21' title='bbox 724 1354 772 1396; x_wconf 90' lang='lat' dir='ltr'>per-</span> 
     </span>
     <span class='ocr_line' id='line_1_6' title="bbox 53 1424 771 1482; baseline 0.003 -16"><span class='ocrx_word' id='word_1_22' title='bbox 53 1424 151 1467; x_wconf 82' lang='lat' dir='ltr'>ficiendis</span> <span class='ocrx_word' id='word_1_23' title='bbox 167 1426 263 1468; x_wconf 85' lang='lat' dir='ltr'>adhibita</span> <span class='ocrx_word' id='word_1_24' title='bbox 278 1430 315 1482; x_wconf 73' lang='lat' dir='ltr'>est,</span> <span class='ocrx_word' id='word_1_25' title='bbox 332 1426 509 1476; x_wconf 78' lang='lat' dir='ltr'>artificiosissima</span> <span class='ocrx_word' id='word_1_26' title='bbox 525 1431 557 1469; x_wconf 87' lang='lat' dir='ltr'>est</span> <span class='ocrx_word' id='word_1_27' title='bbox 572 1427 710 1480; x_wconf 84' lang='lat' dir='ltr'>nominanda,</span> <span class='ocrx_word' id='word_1_28' title='bbox 727 1440 771 1469; x_wconf 89' lang='lat' dir='ltr'>non</span> 
     </span>
     <span class='ocr_line' id='line_1_7' title="bbox 54 1511 772 1567; baseline 0.003 -16"><span class='ocrx_word' id='word_1_29' title='bbox 54 1511 124 1552; x_wconf 80' lang='lat' dir='ltr'>sotum</span> <span class='ocrx_word' id='word_1_30' title='bbox 141 1513 200 1566; x_wconf 85' lang='lat' dir='ltr'>quod</span> <span class='ocrx_word' id='word_1_31' title='bbox 223 1513 250 1554; x_wconf 89' lang='lat' dir='ltr'>ad</span> <span class='ocrx_word' id='word_1_32' title='bbox 274 1512 372 1555; x_wconf 76' lang='lat' dir='ltr'>ordinem</span> <span class='ocrx_word' id='word_1_33' title='bbox 395 1525 499 1554; x_wconf 79' lang='lat' dir='ltr'>versuum</span> <span class='ocrx_word' id='word_1_34' title='bbox 514 1513 711 1567; x_wconf 76' lang='lat' dir='ltr'>massoreticorum,</span> <span class='ocrx_word' id='word_1_35' title='bbox 734 1512 772 1554; x_wconf 81' lang='lat' dir='ltr'>sed</span> 
     </span>
    </p>
   </div>
   <div class='ocr_carea' id='block_1_5' title="bbox 54 1597 772 1653">
    <p class='ocr_par' dir='ltr' id='par_1_5' title="bbox 54 1597 772 1653">
     <span class='ocr_line' id='line_1_8' title="bbox 54 1597 772 1653; baseline 0.004 -17"><span class='ocrx_word' id='word_1_36' title='bbox 54 1597 119 1637; x_wconf 86' lang='lat' dir='ltr'>etiam</span> <span class='ocrx_word' id='word_1_37' title='bbox 136 1597 195 1652; x_wconf 85' lang='lat' dir='ltr'>quod</span> <span class='ocrx_word' id='word_1_38' title='bbox 211 1598 238 1639; x_wconf 83' lang='lat' dir='ltr'>ad</span> <span class='ocrx_word' id='word_1_39' title='bbox 254 1602 386 1641; x_wconf 72' lang='lat' dir='ltr'>structuram</span> <span class='ocrx_word' id='word_1_40' title='bbox 408 1598 545 1653; x_wconf 75' lang='lat' dir='ltr'>singulorum</span> <span class='ocrx_word' id='word_1_41' title='bbox 569 1611 672 1639; x_wconf 76' lang='lat' dir='ltr'>versuum</span> <span class='ocrx_word' id='word_1_42' title='bbox 689 1600 772 1640; x_wconf 81' lang='lat' dir='ltr'>attinet.</span> 
     </span>
    </p>
   </div>
   <div class='ocr_carea' id='block_1_6' title="bbox 51 1695 772 2351">
    <p class='ocr_par' dir='ltr' id='par_1_6' title="bbox 51 1695 772 2351">
     <span class='ocr_line' id='line_1_9' title="bbox 125 1695 772 1753; baseline 0.002 -15"><span class='ocrx_word' id='word_1_43' title='bbox 125 1695 199 1739; x_wconf 89' lang='lat' dir='ltr'>Primo</span> <span class='ocrx_word' id='word_1_44' title='bbox 223 1699 281 1740; x_wconf 89' lang='lat' dir='ltr'>enim</span> <span class='ocrx_word' id='word_1_45' title='bbox 305 1698 382 1740; x_wconf 86' lang='lat' dir='ltr'>obtutu</span> <span class='ocrx_word' id='word_1_46' title='bbox 405 1701 498 1753; x_wconf 76' lang='lat' dir='ltr'>apparet,</span> <span class='ocrx_word' id='word_1_47' title='bbox 520 1710 597 1739; x_wconf 77' lang='lat' dir='ltr'>versus</span> <span class='ocrx_word' id='word_1_48' title='bbox 614 1697 712 1739; x_wconf 85' lang='lat' dir='ltr'>ordinem</span> <span class='ocrx_word' id='word_1_49' title='bbox 728 1696 772 1739; x_wconf 86' lang='lat' dir='ltr'>He-</span> 
     </span>
     <span class='ocr_line' id='line_1_10' title="bbox 54 1780 771 1838; baseline 0.004 -17"><span class='ocrx_word' id='word_1_50' title='bbox 54 1780 177 1823; x_wconf 82' lang='lat' dir='ltr'>braicorum</span> <span class='ocrx_word' id='word_1_51' title='bbox 195 1783 352 1826; x_wconf 85' lang='lat' dir='ltr'>elementorum</span> <span class='ocrx_word' id='word_1_52' title='bbox 368 1785 437 1838; x_wconf 74' lang='lat' dir='ltr'>sequi,</span> <span class='ocrx_word' id='word_1_53' title='bbox 460 1783 527 1838; x_wconf 79' lang='lat' dir='ltr'>idque</span> <span class='ocrx_word' id='word_1_54' title='bbox 543 1786 566 1824; x_wconf 86' lang='lat' dir='ltr'>in</span> <span class='ocrx_word' id='word_1_55' title='bbox 583 1783 704 1824; x_wconf 80' lang='lat' dir='ltr'>carminum</span> <span class='ocrx_word' id='word_1_56' title='bbox 720 1795 771 1824; x_wconf 91' lang='lat' dir='ltr'>nos-</span> 
     </span>
     <span class='ocr_line' id='line_1_11' title="bbox 54 1867 771 1924; baseline 0.001 -16"><span class='ocrx_word' id='word_1_57' title='bbox 54 1870 149 1909; x_wconf 84' lang='lat' dir='ltr'>strorum</span> <span class='ocrx_word' id='word_1_58' title='bbox 165 1871 267 1923; x_wconf 84' lang='lat' dir='ltr'>quattuor</span> <span class='ocrx_word' id='word_1_59' title='bbox 281 1870 370 1924; x_wconf 78' lang='lat' dir='ltr'>primis3</span> <span class='ocrx_word' id='word_1_60' title='bbox 387 1870 496 1924; x_wconf 79' lang='lat' dir='ltr'>reliquum</span> <span class='ocrx_word' id='word_1_61' title='bbox 514 1871 586 1910; x_wconf 81' lang='lat' dir='ltr'>autem</span> <span class='ocrx_word' id='word_1_62' title='bbox 602 1870 640 1922; x_wconf 77' lang='lat' dir='ltr'>est,</span> <span class='ocrx_word' id='word_1_63' title='bbox 655 1872 681 1909; x_wconf 89' lang='lat' dir='ltr'>ut</span> <span class='ocrx_word' id='word_1_64' title='bbox 692 1867 771 1909; x_wconf 86' lang='lat' dir='ltr'>adicia-</span> 
     </span>
     <span class='ocr_line' id='line_1_12' title="bbox 53 1949 770 2009; baseline 0 -15"><span class='ocrx_word' id='word_1_65' title='bbox 53 1966 103 1994; x_wconf 86' lang='lat' dir='ltr'>mus</span> <span class='ocrx_word' id='word_1_66' title='bbox 118 1954 141 1994; x_wconf 90' lang='lat' dir='ltr'>in</span> <span class='ocrx_word' id='word_1_67' title='bbox 158 1949 265 2008; x_wconf 79' lang='lat' dir='ltr'>capitibus</span> <span class='ocrx_word' id='word_1_68' title='bbox 288 1956 365 2009; x_wconf 76' lang='lat' dir='ltr'>primo,</span> <span class='ocrx_word' id='word_1_69' title='bbox 389 1955 461 2009; x_wconf 68' lang='lat' dir='ltr'>aliero,</span> <span class='ocrx_word' id='word_1_70' title='bbox 486 1957 562 2006; x_wconf 81' lang='lat' dir='ltr'>quarto</span> <span class='ocrx_word' id='word_1_71' title='bbox 586 1953 683 2008; x_wconf 79' lang='lat' dir='ltr'>singulos</span> <span class='ocrx_word' id='word_1_72' title='bbox 705 1953 770 1995; x_wconf 83' lang='lat' dir='ltr'>modo</span> 
     </span>
     <span class='ocr_line' id='line_1_13' title="bbox 54 2038 770 2095; baseline 0 -16"><span class='ocrx_word' id='word_1_73' title='bbox 54 2052 130 2081; x_wconf 81' lang='lat' dir='ltr'>versus</span> <span class='ocrx_word' id='word_1_74' title='bbox 146 2040 303 2091; x_wconf 81' lang='lat' dir='ltr'>massoreticos,</span> <span class='ocrx_word' id='word_1_75' title='bbox 319 2040 341 2081; x_wconf 90' lang='lat' dir='ltr'>in</span> <span class='ocrx_word' id='word_1_76' title='bbox 359 2041 428 2095; x_wconf 85' lang='lat' dir='ltr'>capite</span> <span class='ocrx_word' id='word_1_77' title='bbox 444 2041 506 2082; x_wconf 85' lang='lat' dir='ltr'>tertio</span> <span class='ocrx_word' id='word_1_78' title='bbox 517 2042 590 2081; x_wconf 82' lang='lat' dir='ltr'>ternos</span> <span class='ocrx_word' id='word_1_79' title='bbox 608 2050 683 2079; x_wconf 77' lang='lat' dir='ltr'>versus</span> <span class='ocrx_word' id='word_1_80' title='bbox 695 2038 770 2079; x_wconf 86' lang='lat' dir='ltr'>eadem</span> 
     </span>
     <span class='ocr_line' id='line_1_14' title="bbox 53 2122 771 2180; baseline 0 -15"><span class='ocrx_word' id='word_1_81' title='bbox 53 2124 116 2166; x_wconf 78' lang='lat' dir='ltr'>litera</span> <span class='ocrx_word' id='word_1_82' title='bbox 134 2122 260 2180; x_wconf 75' lang='lat' dir='ltr'>inchoan31)</span> <span class='ocrx_word' id='word_1_83' title='bbox 285 2125 363 2167; x_wconf 84' lang='lat' dir='ltr'>deinde</span> <span class='ocrx_word' id='word_1_84' title='bbox 385 2128 452 2168; x_wconf 82' lang='lat' dir='ltr'>restat</span> <span class='ocrx_word' id='word_1_85' title='bbox 475 2129 499 2166; x_wconf 87' lang='lat' dir='ltr'>ut</span> <span class='ocrx_word' id='word_1_86' title='bbox 520 2124 633 2177; x_wconf 67' lang='lat' dir='ltr'>adstamus,</span> <span class='ocrx_word' id='word_1_87' title='bbox 654 2124 678 2164; x_wconf 86' lang='lat' dir='ltr'>in</span> <span class='ocrx_word' id='word_1_88' title='bbox 702 2124 771 2178; x_wconf 80' lang='lat' dir='ltr'>capite</span> 
     </span>
     <span class='ocr_line' id='line_1_15' title="bbox 52 2209 770 2273; baseline 0 -22"><span class='ocrx_word' id='word_1_89' title='bbox 52 2211 122 2264; x_wconf 88' lang='lat' dir='ltr'>primo</span> <span class='ocrx_word' id='word_1_90' title='bbox 153 2209 236 2251; x_wconf 81' lang='lat' dir='ltr'>iiteram</span> <span class='ocrx_word' id='word_1_91' title='bbox 261 2217 277 2273; x_wconf 76' lang='lat' dir='ltr'><strong><em>y</em></strong></span> <span class='ocrx_word' id='word_1_92' title='bbox 301 2212 443 2266; x_wconf 76' lang='lat' dir='ltr'>praepositam</span> <span class='ocrx_word' id='word_1_93' title='bbox 466 2211 540 2252; x_wconf 80' lang='lat' dir='ltr'>literae</span> <span class='ocrx_word' id='word_1_94' title='bbox 563 2215 588 2265; x_wconf 58' lang='lat' dir='ltr'>Q,</span> <span class='ocrx_word' id='word_1_95' title='bbox 614 2210 636 2250; x_wconf 87' lang='lat' dir='ltr'>in</span> <span class='ocrx_word' id='word_1_96' title='bbox 664 2209 770 2264; x_wconf 85' lang='lat' dir='ltr'>capitibus</span> 
     </span>
     <span class='ocr_line' id='line_1_16' title="bbox 51 2294 361 2351; baseline 0.006 -15"><span class='ocrx_word' id='word_1_97' title='bbox 51 2294 137 2337; x_wconf 81' lang='lat' dir='ltr'>H-IV</span> <span class='ocrx_word' id='word_1_98' title='bbox 152 2296 292 2351; x_wconf 80' lang='lat' dir='ltr'>postpositam</span> <span class='ocrx_word' id='word_1_99' title='bbox 309 2309 361 2338; x_wconf 87' lang='lat' dir='ltr'>esse.</span> 
     </span>
    </p>
   </div>
   <div class='ocr_carea' id='block_1_7' title="bbox 124 2394 769 2450">
    <p class='ocr_par' dir='ltr' id='par_1_7' title="bbox 124 2394 769 2450">
     <span class='ocr_line' id='line_1_17' title="bbox 124 2394 769 2450; baseline 0.002 -12"><span class='ocrx_word' id='word_1_100' title='bbox 124 2395 215 2438; x_wconf 79' lang='lat' dir='ltr'>Codices</span> <span class='ocrx_word' id='word_1_101' title='bbox 230 2395 297 2450; x_wconf 79' lang='lat' dir='ltr'>igitur</span> <span class='ocrx_word' id='word_1_102' title='bbox 312 2397 413 2439; x_wconf 84' lang='lat' dir='ltr'>nonnulli</span> <span class='ocrx_word' id='word_1_103' title='bbox 427 2399 452 2439; x_wconf 92' lang='lat' dir='ltr'>in</span> <span class='ocrx_word' id='word_1_104' title='bbox 467 2396 600 2439; x_wconf 83' lang='lat' dir='ltr'>Kennicottii</span> <span class='ocrx_word' id='word_1_105' title='bbox 620 2395 647 2439; x_wconf 81' lang='lat' dir='ltr'>V.</span> <span class='ocrx_word' id='word_1_106' title='bbox 663 2395 685 2438; x_wconf 77' lang='grc' dir='ltr'>Τ,</span> <span class='ocrx_word' id='word_1_107' title='bbox 701 2394 769 2439; x_wconf 88' lang='lat' dir='ltr'>Hebr.</span> 
     </span>
    </p>
   </div>
   <div class='ocr_carea' id='block_1_8' title="bbox 52 2479 771 2525">
    <p class='ocr_par' dir='ltr' id='par_1_8' title="bbox 52 2479 771 2525">
     <span class='ocr_line' id='line_1_18' title="bbox 52 2479 771 2525; baseline 0 -2"><span class='ocrx_word' id='word_1_108' title='bbox 52 2494 102 2523; x_wconf 88' lang='lat' dir='ltr'>cum</span> <span class='ocrx_word' id='word_1_109' title='bbox 119 2496 163 2525; x_wconf 84' lang='lat' dir='ltr'>var.</span> <span class='ocrx_word' id='word_1_110' title='bbox 187 2482 235 2524; x_wconf 84' lang='lat' dir='ltr'>lect</span> <span class='ocrx_word' id='word_1_111' title='bbox 259 2484 280 2522; x_wconf 89' lang='lat' dir='ltr'>et</span> <span class='ocrx_word' id='word_1_112' title='bbox 301 2483 324 2523; x_wconf 85' lang='lat' dir='ltr'>in</span> <span class='ocrx_word' id='word_1_113' title='bbox 344 2483 371 2524; x_wconf 86' lang='lat' dir='ltr'>de</span> <span class='ocrx_word' id='word_1_114' title='bbox 386 2482 459 2525; x_wconf 86' lang='lat' dir='ltr'>Rossii</span> <span class='ocrx_word' id='word_1_115' title='bbox 474 2485 540 2525; x_wconf 76' lang='lat' dir='ltr'>variis</span> <span class='ocrx_word' id='word_1_116' title='bbox 556 2481 687 2524; x_wconf 80' lang='lat' dir='ltr'>lectionibus</span> <span class='ocrx_word' id='word_1_117' title='bbox 702 2479 730 2522; x_wconf 82' lang='lat' dir='ltr'>V.</span> <span class='ocrx_word' id='word_1_118' title='bbox 746 2479 771 2523; x_wconf 77' lang='lat' dir='ltr'>T.</span> 
     </span>
    </p>
   </div>
   <div class='ocr_carea' id='block_1_9' title="bbox 52 2640 770 2764">
    <p class='ocr_par' dir='ltr' id='par_1_9' title="bbox 52 2640 770 2764">
     <span class='ocr_line' id='line_1_19' title="bbox 124 2640 770 2691; baseline -0.005 -13"><span class='ocrx_word' id='word_1_119' title='bbox 124 2643 141 2691; x_wconf 77' lang='lat' dir='ltr'>i)</span> <span class='ocrx_word' id='word_1_120' title='bbox 154 2642 219 2688; x_wconf 82' lang='lat' dir='ltr'>Itaque</span> <span class='ocrx_word' id='word_1_121' title='bbox 232 2643 292 2689; x_wconf 82' lang='lat' dir='ltr'>capita</span> <span class='ocrx_word' id='word_1_122' title='bbox 310 2643 325 2689; x_wconf 91' lang='lat' dir='ltr'>I,</span> <span class='ocrx_word' id='word_1_123' title='bbox 343 2643 367 2688; x_wconf 84' lang='grc' dir='ltr'>Π,</span> <span class='ocrx_word' id='word_1_124' title='bbox 379 2643 406 2679; x_wconf 79' lang='lat' dir='ltr'>iv</span> <span class='ocrx_word' id='word_1_125' title='bbox 417 2644 436 2678; x_wconf 90' lang='lat' dir='ltr'>in</span> <span class='ocrx_word' id='word_1_126' title='bbox 449 2643 515 2688; x_wconf 75' lang='lat' dir='ltr'>viginti</span> <span class='ocrx_word' id='word_1_127' title='bbox 527 2643 568 2686; x_wconf 87' lang='lat' dir='ltr'>duo,</span> <span class='ocrx_word' id='word_1_128' title='bbox 580 2643 635 2688; x_wconf 83' lang='lat' dir='ltr'>caput</span> <span class='ocrx_word' id='word_1_129' title='bbox 647 2640 675 2677; x_wconf 93' lang='grc' dir='ltr'>ΙΠ</span> <span class='ocrx_word' id='word_1_130' title='bbox 687 2640 707 2676; x_wconf 86' lang='lat' dir='ltr'>in</span> <span class='ocrx_word' id='word_1_131' title='bbox 719 2651 770 2676; x_wconf 78' lang='lat' dir='ltr'>sexa-</span> 
     </span>
     <span class='ocr_line' id='line_1_20' title="bbox 52 2713 589 2764; baseline 0.009 -15"><span class='ocrx_word' id='word_1_132' title='bbox 52 2713 103 2760; x_wconf 83' lang='lat' dir='ltr'>ginta</span> <span class='ocrx_word' id='word_1_133' title='bbox 115 2726 149 2752; x_wconf 82' lang='lat' dir='ltr'>sex</span> <span class='ocrx_word' id='word_1_134' title='bbox 161 2726 224 2752; x_wconf 83' lang='lat' dir='ltr'>versus</span> <span class='ocrx_word' id='word_1_135' title='bbox 237 2716 312 2762; x_wconf 77' lang='lat' dir='ltr'>(scilicet</span> <span class='ocrx_word' id='word_1_136' title='bbox 324 2716 457 2764; x_wconf 78' lang='lat' dir='ltr'>massoreiioos)</span> <span class='ocrx_word' id='word_1_137' title='bbox 471 2717 529 2753; x_wconf 86' lang='lat' dir='ltr'>divisa</span> <span class='ocrx_word' id='word_1_138' title='bbox 541 2719 589 2755; x_wconf 86' lang='lat' dir='ltr'>sunt.</span> 
     </span>
    </p>
   </div>
   <div class='ocr_carea' id='block_1_10' title="bbox 0 0 940 3227">
    <p class='ocr_par' dir='ltr' id='par_1_10' title="bbox 0 0 940 3227">
     <span class='ocr_line' id='line_1_21' title="bbox 0 0 940 3227; baseline 0 1"><span class='ocrx_word' id='word_1_139' title='bbox 0 0 940 3227; x_wconf 95' lang='lat' dir='ltr'> </span> 
     </span>
    </p>
   </div>
  </div>
 </body>
</html>
